@article{McCulloch1943,
    title = {{A logical calculus of the ideas immanent in nervous activity}},
    year = {1943},
    journal = {The Bulletin of Mathematical Biophysics},
    author = {McCulloch, Warren S. and Pitts, Walter},
    number = {4},
    month = {12},
    pages = {115--133},
    volume = {5},
    publisher = {Kluwer Academic Publishers},
    url = {http://link.springer.com/10.1007/BF02478259},
    doi = {10.1007/BF02478259},
    issn = {0007-4985}
}

@article{Gillespie1992,
    title = {{A rigorous derivation of the chemical master equation}},
    year = {1992},
    journal = {Physica A: Statistical Mechanics and its Applications},
    author = {Gillespie, Daniel T.},
    number = {1-3},
    month = {9},
    pages = {404--425},
    volume = {188},
    publisher = {North-Holland},
    url = {https://www.sciencedirect.com/science/article/pii/037843719290283V},
    isbn = {0378-4371},
    doi = {10.1016/0378-4371(92)90283-V},
    issn = {03784371},
    pmid = {1050}
}

@article{Navlakha2011,
    title = {{Algorithms in nature: the convergence of systems biology and computational thinking.}},
    year = {2011},
    journal = {Molecular systems biology},
    author = {Navlakha, Saket and Bar-Joseph, Ziv},
    number = {1},
    month = {11},
    pages = {546},
    volume = {7},
    publisher = {EMBO Press},
    url = {http://www.ncbi.nlm.nih.gov/pubmed/22068329 http://www.pubmedcentral.nih.gov/articlerender.fcgi?artid=PMC3261700},
    doi = {10.1038/msb.2011.78},
    issn = {1744-4292},
    pmid = {22068329}
}

@article{Baik2015,
    title = {{Fluctuations of the free energy of the spherical Sherrington–Kirkpatrick model}},
    year = {2015},
    author = {Baik, Jinho and Lee, Ji Oon},
    url = {https://arxiv.org/pdf/1505.07349.pdf},
    arxivId = {arXiv:1505.07349v5}
}

@book{Stefanucci2013,
    title = {{Nonequilibrium Many-Body Theory of Quantum Systems}},
    year = {2013},
    booktitle = {Contemporary Physics},
    author = {Stefanucci, Gianluca and van Leeuwen, Robert},
    number = {4},
    pages = {600},
    volume = {54},
    publisher = {Cambridge University Press},
    url = {http://ebooks.cambridge.org/ref/id/CBO9781139023979},
    isbn = {9781139023979},
    doi = {10.1017/CBO9781139023979},
    issn = {0010-7514}
}

@article{Halatek2018,
    title = {{Rethinking pattern formation in reaction–diffusion systems}},
    year = {2018},
    journal = {Nature Physics},
    author = {Halatek, J. and Frey, E.},
    month = {2},
    pages = {1},
    publisher = {Nature Publishing Group},
    url = {http://www.nature.com/articles/s41567-017-0040-5},
    doi = {10.1038/s41567-017-0040-5},
    issn = {1745-2473},
    keywords = {Atomic, Classical and Continuum Physics, Complex Systems, Condensed Matter Physics, Mathematical and Computational Physics, Molecular, Optical and Plasma Physics, Physics, Theoretical, general}
}

@article{Halatek2018b,
    title = {{Rethinking pattern formation in reaction–diffusion systems}},
    year = {2018},
    journal = {Nature Physics},
    author = {Halatek, J. and Frey, E.},
    month = {2},
    pages = {1},
    publisher = {Nature Publishing Group},
    url = {http://www.nature.com/articles/s41567-017-0040-5},
    doi = {10.1038/s41567-017-0040-5},
    issn = {1745-2473},
    keywords = {Biological physics, Nonlinear phenomena}
}

@article{Doi1976,
    title = {{Second quantization representation for classical many-particle system}},
    year = {1976},
    journal = {J. Phys. A: Math. Gen},
    author = {Doi, Masao},
    number = {9},
    volume = {9},
    url = {http://iopscience.iop.org/article/10.1088/0305-4470/9/9/008/pdf}
}

@article{Gillespie2007,
    title = {{Stochastic Simulation of Chemical Kinetics}},
    year = {2007},
    journal = {Annu. Rev. Phys. Chem},
    author = {Gillespie, Daniel T},
    pages = {35--55},
    volume = {58},
    url = {http://physchem.annualreviews.org},
    doi = {10.1146/annurev.physchem.58.032806.104637},
    keywords = {Langevin equation, master equation, stiff systems, tau-leaping}
}

@article{Novak2012,
    title = {{THREE LECTURES ON FREE PROBABILITY}},
    year = {2012},
    author = {Novak, Jonathan},
    url = {https://arxiv.org/pdf/1205.2097.pdf},
    arxivId = {arXiv:1205.2097v1},
    keywords = {()}
}

@article{Afek2011AProblem,
    title = {{A Biological Solution to a Fundamental Distributed Computing Problem}},
    year = {2011},
    journal = {Science},
    author = {Afek, Y. and Alon, N. and Barad, O. and Hornstein, E. and Barkai, N. and Bar-Joseph, Z.},
    number = {6014},
    month = {1},
    pages = {183--185},
    volume = {331},
    url = {http://www.ncbi.nlm.nih.gov/pubmed/21233379 http://www.sciencemag.org/cgi/doi/10.1126/science.1193210},
    doi = {10.1126/science.1193210},
    issn = {0036-8075},
    pmid = {21233379}
}

@article{Biroli2005AAging,
    title = {{A Crash Course on Aging}},
    year = {2005},
    author = {Biroli, Giulio},
    month = {4},
    url = {http://arxiv.org/abs/cond-mat/0504681 http://dx.doi.org/10.1088/1742-5468/2005/05/P05014},
    doi = {10.1088/1742-5468/2005/05/P05014},
    arxivId = {cond-mat/0504681}
}

@article{Chorin2015ADynamics,
    title = {{A discrete approach to stochastic parametrization and dimensional reduction in nonlinear dynamics}},
    year = {2015},
    author = {Chorin, Alexandre J. and Lu, Fei},
    month = {3},
    url = {http://arxiv.org/abs/1503.08766 http://dx.doi.org/10.1073/pnas.1512080112},
    doi = {10.1073/pnas.1512080112},
    arxivId = {1503.08766}
}

@article{Guionnet2005AIntegrals,
    title = {{A Fourier view on the R-transform and related asymptotics of spherical integrals}},
    year = {2005},
    journal = {Journal of Functional Analysis},
    author = {Guionnet, A. and Maı¨da, M.},
    number = {2},
    month = {5},
    pages = {435--490},
    volume = {222},
    publisher = {Academic Press},
    url = {https://www.sciencedirect.com/science/article/pii/S0022123604003623},
    doi = {10.1016/J.JFA.2004.09.015},
    issn = {0022-1236}
}

@article{Entchev2015ALifespan,
    title = {{A gene-expression-based neural code for food abundance that modulates lifespan}},
    year = {2015},
    journal = {eLife},
    author = {Entchev, Eugeni V and Patel, Dhaval S and Zhan, Mei and Steele, Andrew J and Lu, Hang and Ch'ng, QueeLim},
    month = {5},
    pages = {e06259},
    volume = {4},
    publisher = {eLife Sciences Publications Limited},
    url = {https://elifesciences.org/articles/06259},
    doi = {10.7554/eLife.06259},
    issn = {2050-084X},
    keywords = {dietary restriction, expression variability, gene regulation, neural circuit, neural code}
}

@article{Manukyan2017AScales,
    title = {{A living mesoscopic cellular automaton made of skin scales}},
    year = {2017},
    journal = {Nature},
    author = {Manukyan, Liana and Montandon, Sophie A. and Fofonjka, Anamarija and Smirnov, Stanislav and Milinkovitch, Michel C.},
    number = {7649},
    month = {4},
    pages = {173--179},
    volume = {544},
    publisher = {Nature Publishing Group},
    url = {http://www.nature.com/doifinder/10.1038/nature22031},
    doi = {10.1038/nature22031},
    issn = {0028-0836},
    keywords = {Applied mathematics, Biological physics, Computational biophysics, Nonlinear phenomena}
}

@article{Hunt1971ATheorem,
    title = {{A matrix theory proof of the discrete convolution theorem}},
    year = {1971},
    journal = {IEEE Transactions on Audio and Electroacoustics},
    author = {Hunt, B.},
    number = {4},
    month = {12},
    pages = {285--288},
    volume = {19},
    url = {http://ieeexplore.ieee.org/document/1162202/},
    doi = {10.1109/TAU.1971.1162202},
    issn = {0018-9278}
}

@article{Mazzonit1991ANetworks,
    title = {{A more biologically plausible learning rule for neural networks}},
    year = {1991},
    journal = {Neurobiology},
    author = {Mazzonit, Pietro and Andersent, Richard A and Jordant, Michael I},
    pages = {4433--4437},
    volume = {88},
    url = {http://www.pnas.org/content/88/10/4433.full.pdf}
}

@article{HODGKIN1952ANerve.,
    title = {{A quantitative description of membrane current and its application to conduction and excitation in nerve.}},
    year = {1952},
    journal = {The Journal of physiology},
    author = {HODGKIN, A L and HUXLEY, A F},
    number = {4},
    month = {8},
    pages = {500--44},
    volume = {117},
    publisher = {Wiley-Blackwell},
    url = {http://www.ncbi.nlm.nih.gov/pubmed/12991237 http://www.pubmedcentral.nih.gov/articlerender.fcgi?artid=PMC1392413},
    issn = {0022-3751},
    pmid = {12991237},
    keywords = {AXONS}
}

@article{Angluin2008AMajority,
    title = {{A simple population protocol for fast robust approximate majority}},
    year = {2008},
    journal = {Distributed Computing},
    author = {Angluin, Dana and Aspnes, James and Eisenstat, David},
    number = {2},
    month = {7},
    pages = {87--102},
    volume = {21},
    publisher = {Springer-Verlag},
    url = {http://link.springer.com/10.1007/s00446-008-0059-z},
    doi = {10.1007/s00446-008-0059-z},
    issn = {0178-2770}
}

@article{Qian2018ADynamics,
    title = {{A thermodynamic theory of ecology: Helmholtz theorem for Lotka–Volterra equation, extended conservation law, and stochastic predator–prey dynamics}},
    year = {2018},
    author = {Qian, Hong and Ma, Yi-An},
    url = {http://dx.doi.org/10.1098/rspa.2015.0456 http://rspa.royalsocietypublishing.org. http://rspa.royalsocietypublishing.org/},
    doi = {10.1098/rspa.2015.0456},
    keywords = {Subject Areas, applied mathematics, conservation law, ecology, equation of states, invariant density, predator–prey dynamics, statistical physics, stochastic thermodynamics, thermodynamics Keywords}
}

@article{Schnoerr2017ApproximationReview,
    title = {{Approximation and inference methods for stochastic biochemical kinetics—a tutorial review}},
    year = {2017},
    journal = {Journal of Physics A: Mathematical and Theoretical},
    author = {Schnoerr, David and Sanguinetti, Guido and Grima, Ramon},
    number = {9},
    month = {3},
    pages = {093001},
    volume = {50},
    publisher = {IOP Publishing},
    url = {http://stacks.iop.org/1751-8121/50/i=9/a=093001?key=crossref.d8b950432e1fa1388f3a8600ab8ff70e},
    doi = {10.1088/1751-8121/aa54d9},
    issn = {1751-8113}
}

@article{Galagali2016BayesianNetworks,
    title = {{Bayesian inference of chemical reaction networks}},
    year = {2016},
    author = {Galagali, Nikhil},
    publisher = {Massachusetts Institute of Technology},
    url = {https://dspace.mit.edu/handle/1721.1/104253},
    keywords = {Mechanical Engineering., Thesis}
}

@article{Smith2018BeyondMechanism,
    title = {{Beyond activator-inhibitor networks: the generalised Turing mechanism}},
    year = {2018},
    author = {Smith, Stephen and Dalchau, Neil},
    month = {3},
    url = {https://arxiv.org/abs/1803.07886},
    arxivId = {1803.07886}
}

@article{Tyson2008BiologicalClocks.,
    title = {{Biological switches and clocks.}},
    year = {2008},
    journal = {Journal of the Royal Society, Interface},
    author = {Tyson, John J and Albert, Reka and Goldbeter, Albert and Ruoff, Peter and Sible, Jill},
    number = {Suppl 1},
    month = {8},
    pages = {1--8},
    volume = {5 Suppl 1},
    publisher = {The Royal Society},
    url = {http://www.ncbi.nlm.nih.gov/pubmed/18522926 http://www.pubmedcentral.nih.gov/articlerender.fcgi?artid=PMC2706456},
    doi = {10.1098/rsif.2008.0179.focus},
    issn = {1742-5689},
    pmid = {18522926}
}

@article{Reimann2002BrownianEquilibrium,
    title = {{Brownian motors: noisy transport far from equilibrium}},
    year = {2002},
    journal = {Physics Reports},
    author = {Reimann, Peter},
    number = {2-4},
    pages = {57--265},
    volume = {361},
    url = {https://www.sciencedirect.com/science/article/pii/S0370157301000813},
    doi = {10.1016/S0370-1573(01)00081-3}
}

@article{Abbott2016BuildingNeurons,
    title = {{Building functional networks of spiking model neurons}},
    year = {2016},
    journal = {Nature Neuroscience},
    author = {Abbott, L F and DePasquale, Brian and Memmesheimer, Raoul-Martin},
    number = {3},
    month = {2},
    pages = {350--355},
    volume = {19},
    publisher = {Nature Publishing Group},
    url = {http://www.nature.com/doifinder/10.1038/nn.4241},
    doi = {10.1038/nn.4241},
    issn = {1097-6256},
    keywords = {Network models, Neural encoding}
}

@article{Erdos2009BulkDecay,
    title = {{Bulk universality for Wigner hermitian matrices with subexponential decay}},
    year = {2009},
    author = {Erdos, Laszlo and Ramirez, Jose and Schlein, Benjamin and Tao, Terence and Vu, Van and Yau, Horng-Tzer},
    month = {6},
    url = {http://arxiv.org/abs/0906.4400},
    arxivId = {0906.4400}
}

@article{Forrest2014CanTemperature,
    title = {{Can the Thermodynamic Hodgkin-Huxley Model of Voltage-Dependent Conductance Extrapolate for Temperature?}},
    year = {2014},
    journal = {Computation},
    author = {Forrest, Michael and D., Michael},
    number = {2},
    month = {5},
    pages = {47--60},
    volume = {2},
    publisher = {Multidisciplinary Digital Publishing Institute},
    url = {http://www.mdpi.com/2079-3197/2/2/47/},
    doi = {10.3390/computation2020047},
    issn = {2079-3197},
    keywords = {<i>Q</i>10, Hodgkin, Huxley, action potential, computational neuroscience, model, temperature, thermodynamic, transition state, voltage}
}

@article{Kaiser2018CanonicalChains,
    title = {{Canonical structure and orthogonality of forces and currents in irreversible Markov chains}},
    year = {2018},
    author = {Kaiser, Marcus and Jack, Robert L and Zimmer, Johannes},
    url = {https://arxiv.org/pdf/1708.01453.pdf}
}

@article{Peskin1993CellularRatchet.,
    title = {{Cellular motions and thermal fluctuations: the Brownian ratchet.}},
    year = {1993},
    journal = {Biophysical journal},
    author = {Peskin, C S and Odell, G M and Oster, G F},
    number = {1},
    month = {7},
    pages = {316--24},
    volume = {65},
    publisher = {The Biophysical Society},
    url = {http://www.ncbi.nlm.nih.gov/pubmed/8369439 http://www.pubmedcentral.nih.gov/articlerender.fcgi?artid=PMC1225726},
    doi = {10.1016/S0006-3495(93)81035-X},
    issn = {0006-3495},
    pmid = {8369439}
}

@article{Cardelli2018ChemicalCircuits.,
    title = {{Chemical reaction network designs for asynchronous logic circuits.}},
    year = {2018},
    journal = {Natural computing},
    author = {Cardelli, Luca and Kwiatkowska, Marta and Whitby, Max},
    number = {1},
    pages = {109--130},
    volume = {17},
    publisher = {Springer},
    url = {http://www.ncbi.nlm.nih.gov/pubmed/29576757 http://www.pubmedcentral.nih.gov/articlerender.fcgi?artid=PMC5856889},
    doi = {10.1007/s11047-017-9665-7},
    issn = {1567-7818},
    pmid = {29576757},
    keywords = {Asynchronous circuit design, Chemical circuits, Chemical reaction network simulation, Chemical reaction network validation, Chemical reaction networks}
}

@article{Zhou2018CircuitSystem.,
    title = {{Circuit Design Features of a Stable Two-Cell System.}},
    year = {2018},
    journal = {Cell},
    author = {Zhou, Xu and Franklin, Ruth A and Adler, Miri and Jacox, Jeremy B and Bailis, Will and Shyer, Justin A and Flavell, Richard A and Mayo, Avi and Alon, Uri and Medzhitov, Ruslan},
    number = {4},
    month = {2},
    pages = {744--757},
    volume = {172},
    publisher = {Elsevier},
    url = {http://www.ncbi.nlm.nih.gov/pubmed/29398113},
    doi = {10.1016/j.cell.2018.01.015},
    issn = {1097-4172},
    pmid = {29398113},
    keywords = {CSF1, PDGF, carrying capacity, cell circuits, cell-cell contact, fibroblasts, growth factors, macrophages, stability, tissue homeostasis}
}

@article{Biamonte2017ComplexQuantum,
    title = {{Complex Networks: from Classical to Quantum}},
    year = {2017},
    author = {Biamonte, Jacob and Faccin, Mauro and De Domenico, Manlio},
    month = {2},
    url = {http://arxiv.org/abs/1702.08459},
    arxivId = {1702.08459}
}

@article{Goldbeter2002ComputationalRhythms,
    title = {{Computational approaches to cellular rhythms}},
    year = {2002},
    journal = {Nature},
    author = {Goldbeter, Albert},
    number = {6912},
    month = {11},
    pages = {238--245},
    volume = {420},
    url = {http://www.nature.com/doifinder/10.1038/nature01259},
    doi = {10.1038/nature01259},
    issn = {0028-0836}
}

@incollection{Dalchau2014ComputationalNetworks,
    title = {{Computational Design of Reaction-Diffusion Patterns Using DNA-Based Chemical Reaction Networks}},
    year = {2014},
    author = {Dalchau, Neil and Seelig, Georg and Phillips, Andrew},
    pages = {84--99},
    publisher = {Springer, Cham},
    url = {http://link.springer.com/10.1007/978-3-319-11295-4_6},
    doi = {10.1007/978-3-319-11295-4{\_}6}
}

@article{Dalchau2018ComputingClocks,
    title = {{Computing with biological switches and clocks}},
    year = {2018},
    journal = {Natural Computing},
    author = {Dalchau, Neil and Sz{\'{e}}p, Gregory and Hernansaiz-Ballesteros, Rosa and Barnes, Chris P. and Cardelli, Luca and Phillips, Andrew and Csik{\'{a}}sz-Nagy, Attila},
    month = {6},
    pages = {1–19},
    url = {http://link.springer.com/10.1007/s11047-018-9686-x},
    doi = {10.1007/s11047-018-9686-x},
    issn = {1567-7818}
}

@article{Cameron2001DendriticTails,
    title = {{Dendritic organization of actin comet tails}},
    year = {2001},
    journal = {Current Biology},
    author = {Cameron, Lisa A. and Svitkina, Tatyana M. and Vignjevic, Danijela and Theriot, Julie A. and Borisy, Gary G.},
    number = {2},
    month = {1},
    pages = {130--135},
    volume = {11},
    publisher = {Cell Press},
    url = {http://www.sciencedirect.com/science/article/pii/S0960982201000227},
    doi = {10.1016/S0960-9822(01)00022-7},
    issn = {0960-9822}
}

@article{Chen2012DeterministicNetworks.,
    title = {{Deterministic Function Computation with Chemical Reaction Networks.}},
    year = {2012},
    journal = {Natural computing},
    author = {Chen, Ho-Lin and Doty, David and Soloveichik, David},
    pages = {25--42},
    volume = {7433},
    publisher = {NIH Public Access},
    url = {http://www.ncbi.nlm.nih.gov/pubmed/25383068 http://www.pubmedcentral.nih.gov/articlerender.fcgi?artid=PMC4221813},
    doi = {10.1007/s11047-013-9393-6},
    issn = {1567-7818},
    pmid = {25383068}
}

@article{Venkataramani2016DimensionRelaxation,
    title = {{Dimension reduction for systems with slow relaxation}},
    year = {2016},
    author = {Venkataramani, Shankar C. and Venkataramani, Raman C. and Restrepo, Juan M.},
    month = {9},
    url = {http://arxiv.org/abs/1609.09222 http://dx.doi.org/10.1007/s10955-017-1761-7},
    doi = {10.1007/s10955-017-1761-7},
    arxivId = {1609.09222}
}

@article{Goldbeter2018DissipativeWaves.,
    title = {{Dissipative structures in biological systems: bistability, oscillations, spatial patterns and waves.}},
    year = {2018},
    journal = {Philosophical transactions. Series A, Mathematical, physical, and engineering sciences},
    author = {Goldbeter, Albert},
    number = {2124},
    month = {7},
    pages = {20170376},
    volume = {376},
    publisher = {The Royal Society},
    url = {http://www.ncbi.nlm.nih.gov/pubmed/29891498 http://www.pubmedcentral.nih.gov/articlerender.fcgi?artid=PMC6000149},
    doi = {10.1098/rsta.2017.0376},
    issn = {1471-2962},
    pmid = {29891498},
    keywords = {Turing patterns, biological rhythms, bistability, dissipative structures, oscillations, propagating waves}
}

@article{Navlakha2014DistributedSystems,
    title = {{Distributed information processing in biological and computational systems}},
    year = {2014},
    journal = {Communications of the ACM},
    author = {Navlakha, Saket and Bar-Joseph, Ziv},
    number = {1},
    month = {12},
    pages = {94--102},
    volume = {58},
    publisher = {ACM},
    url = {http://dl.acm.org/citation.cfm?doid=2688498.2678280},
    doi = {10.1145/2678280},
    issn = {00010782}
}

@article{Estevez-Torres2017DNADomino,
    title = {{DNA computing: Spatially localized DNA domino}},
    year = {2017},
    journal = {Nature Nanotechnology},
    author = {Estevez-Torres, André and Rondelez, Yannick},
    number = {9},
    month = {7},
    pages = {842--843},
    volume = {12},
    publisher = {Nature Publishing Group},
    url = {http://www.nature.com/doifinder/10.1038/nnano.2017.157},
    doi = {10.1038/nnano.2017.157},
    issn = {17483395}
}

@article{Ouldridge2013DNADependence.,
    title = {{DNA hybridization kinetics: zippering, internal displacement and sequence dependence.}},
    year = {2013},
    journal = {Nucleic acids research},
    author = {Ouldridge, Thomas E and Sulc, Petr and Romano, Flavio and Doye, Jonathan P K and Louis, Ard A},
    number = {19},
    month = {10},
    pages = {8886--95},
    volume = {41},
    publisher = {Oxford University Press},
    url = {http://www.ncbi.nlm.nih.gov/pubmed/23935069 http://www.pubmedcentral.nih.gov/articlerender.fcgi?artid=PMC3799446},
    doi = {10.1093/nar/gkt687},
    issn = {1362-4962},
    pmid = {23935069}
}

@article{Hohlfeld2012DominanceRatchet,
    title = {{Dominance of extreme statistics in a prototype many-body Brownian ratchet}},
    year = {2012},
    author = {Hohlfeld, Evan and Geissler, Phillip L.},
    month = {4},
    url = {http://arxiv.org/abs/1204.1804 http://dx.doi.org/10.1063/1.4899052},
    doi = {10.1063/1.4899052},
    arxivId = {1204.1804}
}

@article{Gregor2015DRAW:Generation,
    title = {{DRAW: A Recurrent Neural Network For Image Generation}},
    year = {2015},
    author = {Gregor, Karol and Danihelka, Ivo and Graves, Alex and Rezende, Danilo Jimenez and Wierstra, Daan},
    month = {2},
    url = {http://arxiv.org/abs/1502.04623},
    arxivId = {1502.04623}
}

@article{Mohanty2012EfficientProcessors,
    title = {{Efficient pseudo-random number generation for monte-carlo simulations using graphic processors}},
    year = {2012},
    journal = {Journal of Physics: Conference Series},
    author = {Mohanty, Siddhant and Mohanty, A K and Carminati, F},
    number = {1},
    month = {6},
    pages = {012024},
    volume = {368},
    publisher = {IOP Publishing},
    url = {http://stacks.iop.org/1742-6596/368/i=1/a=012024?key=crossref.04b280b801d3fe90b1c3422558b1b776},
    doi = {10.1088/1742-6596/368/1/012024},
    issn = {1742-6596}
}

@misc{Lee2007EfficientAlgorithms,
    title = {{Efficient sparse coding algorithms}},
    year = {2007},
    author = {Lee, Honglak and Battle, Alexis and Raina, Rajat and Ng, Andrew Y.},
    pages = {801--808},
    url = {https://papers.nips.cc/paper/2979-efficient-sparse-coding-algorithms}
}

@article{Cardelli2017EfficientScience,
    title = {{Efficient Switches in Biology and Computer Science}},
    year = {2017},
    journal = {PLOS Computational Biology},
    author = {Cardelli, Luca and Hernansaiz-Ballesteros, Rosa D. and Dalchau, Neil and Csik{\'{a}}sz-Nagy, Attila},
    editor = {Stelling, Jorg},
    number = {1},
    month = {1},
    pages = {e1005100},
    volume = {13},
    publisher = {Public Library of Science},
    url = {http://dx.plos.org/10.1371/journal.pcbi.1005100},
    doi = {10.1371/journal.pcbi.1005100},
    issn = {1553-7358}
}

@article{Olshausen1996EmergenceImages,
    title = {{Emergence of simple-cell receptive field properties by learning a sparse code for natural images}},
    year = {1996},
    journal = {Nature},
    author = {Olshausen, Bruno A. and Field, David J.},
    number = {6583},
    month = {6},
    pages = {607--609},
    volume = {381},
    publisher = {Nature Publishing Group},
    url = {http://www.nature.com/doifinder/10.1038/381607a0},
    doi = {10.1038/381607a0},
    issn = {0028-0836}
}

@article{Baum2016FeedbackOscillations,
    title = {{Feedback, Mass Conservation and Reaction Kinetics Impact the Robustness of Cellular Oscillations}},
    year = {2016},
    journal = {PLOS Computational Biology},
    author = {Baum, Katharina and Politi, Antonio Z. and Kofahl, Bente and Steuer, Ralf and Wolf, Jana},
    editor = {Saucerman, Jeffrey J.},
    number = {12},
    month = {12},
    pages = {e1005298},
    volume = {12},
    publisher = {Public Library of Science},
    url = {http://dx.plos.org/10.1371/journal.pcbi.1005298},
    doi = {10.1371/journal.pcbi.1005298},
    issn = {1553-7358}
}

@article{Tauber2005FieldDynamics,
    title = {{Field Theory Approaches to Nonequilibrium Dynamics}},
    year = {2005},
    author = {Tauber, Uwe C.},
    month = {11},
    url = {http://arxiv.org/abs/cond-mat/0511743 http://dx.doi.org/10.1007/3-540-69684-9_7},
    doi = {10.1007/3-540-69684-9{\_}7},
    arxivId = {cond-mat/0511743}
}

@article{Cardy1997FieldWalks,
    title = {{Field Theory of Branching and Annihilating Random Walks}},
    year = {1997},
    author = {Cardy, John L and T{\"{a}}uber, Uwe C},
    url = {https://arxiv.org/pdf/cond-mat/9704160.pdf},
    arxivId = {arXiv:cond-mat/9704160v2},
    archivePrefix = {arXiv},
    eprint = {9704160v2},
    primaryClass = {cond-mat},
    keywords = {0540+j, 6460Ak, 6460Ht, directed percolation PACS numbers, dynamic critical phenomena, reaction–diffusion systems, stochastic processes}
}

@article{Payrits2012FIELDSYSTEMS,
    title = {{FIELD THEORY TECHNIQUES IN THE ANALYSIS OF CLASSICAL REACTION-DIFFUSION SYSTEMS}},
    year = {2012},
    author = {Payrits, Matjaž and Evans, Tim S},
    url = {http://www.imperial.ac.uk/media/imperial-college/research-centres-and-groups/theoretical-physics/msc/dissertations/2012/Matjaz-Payrits-Dissertation.pdf}
}

@article{Smith2017FlowsNetworks,
    title = {{Flows, scaling, and the control of moment hierarchies for stochastic chemical reaction networks}},
    year = {2017},
    journal = {PHYSICAL REVIEW E},
    author = {Smith, Eric and Krishnamurthy, Supriya},
    volume = {96},
    url = {https://journals.aps.org/pre/pdf/10.1103/PhysRevE.96.062102},
    doi = {10.1103/PhysRevE.96.062102}
}

@article{Bieling2016ForceNetworks.,
    title = {{Force Feedback Controls Motor Activity and Mechanical Properties of Self-Assembling Branched Actin Networks.}},
    year = {2016},
    journal = {Cell},
    author = {Bieling, Peter and Li, Tai-De and Weichsel, Julian and McGorty, Ryan and Jreij, Pamela and Huang, Bo and Fletcher, Daniel A and Mullins, R Dyche},
    number = {1-2},
    month = {1},
    pages = {115--127},
    volume = {164},
    publisher = {Elsevier},
    url = {http://www.ncbi.nlm.nih.gov/pubmed/26771487 http://www.pubmedcentral.nih.gov/articlerender.fcgi?artid=PMC5033619},
    doi = {10.1016/j.cell.2015.11.057},
    issn = {1097-4172},
    pmid = {26771487}
}

@article{Mogilner2003ForceFilaments,
    title = {{Force Generation by Actin Polymerization II: The Elastic Ratchet and Tethered Filaments}},
    year = {2003},
    journal = {Biophysical Journal},
    author = {Mogilner, Alex and Oster, George},
    number = {3},
    month = {3},
    pages = {1591--1605},
    volume = {84},
    publisher = {Cell Press},
    url = {http://www.sciencedirect.com/science/article/pii/S0006349503749698?via%3Dihub},
    doi = {10.1016/S0006-3495(03)74969-8},
    issn = {0006-3495}
}

@article{Endy2005FoundationsBiology,
    title = {{Foundations for engineering biology}},
    year = {2005},
    journal = {Nature},
    author = {Endy, Drew},
    number = {7067},
    month = {11},
    pages = {449--453},
    volume = {438},
    publisher = {Nature Publishing Group},
    url = {http://www.nature.com/articles/nature04342},
    doi = {10.1038/nature04342},
    issn = {0028-0836}
}

@article{Capitaine2011Free,
    title = {{Free convolution with a semicircular distribution and eigenvalues of spiked deformations of Wigner matrices *}},
    year = {2011},
    author = {Capitaine, M and Donati-Martin, C and F{\'{e}}ral, D and F{\'{e}}vrier, M},
    url = {https://arxiv.org/pdf/1006.3684.pdf},
    arxivId = {arXiv:1006.3684v3},
    keywords = {()}
}

@incollection{Whitley2012GeneticMethods,
    title = {{Genetic Algorithms — A Survey of Models and Methods}},
    year = {2012},
    booktitle = {Handbook of Natural Computing},
    author = {Whitley, Darrell and Sutton, Andrew M.},
    pages = {637--671},
    publisher = {Springer Berlin Heidelberg},
    url = {http://link.springer.com/10.1007/978-3-540-92910-9_21},
    address = {Berlin, Heidelberg},
    doi = {10.1007/978-3-540-92910-9{\_}21}
}

@article{Nielsen2016GeneticAutomation.,
    title = {{Genetic circuit design automation.}},
    year = {2016},
    journal = {Science (New York, N.Y.)},
    author = {Nielsen, Alec A K and Der, Bryan S and Shin, Jonghyeon and Vaidyanathan, Prashant and Paralanov, Vanya and Strychalski, Elizabeth A and Ross, David and Densmore, Douglas and Voigt, Christopher A},
    number = {6281},
    month = {4},
    pages = {aac7341},
    volume = {352},
    publisher = {American Association for the Advancement of Science},
    url = {http://www.ncbi.nlm.nih.gov/pubmed/27034378},
    doi = {10.1126/science.aac7341},
    issn = {1095-9203},
    pmid = {27034378}
}

@article{Nielsen2016GeneticAutomation.b,
    title = {{Genetic circuit design automation.}},
    year = {2016},
    journal = {Science (New York, N.Y.)},
    author = {Nielsen, Alec A K and Der, Bryan S and Shin, Jonghyeon and Vaidyanathan, Prashant and Paralanov, Vanya and Strychalski, Elizabeth A and Ross, David and Densmore, Douglas and Voigt, Christopher A},
    number = {6281},
    month = {4},
    pages = {aac7341},
    volume = {352},
    publisher = {American Association for the Advancement of Science},
    url = {http://www.ncbi.nlm.nih.gov/pubmed/27034378},
    doi = {10.1126/science.aac7341},
    issn = {1095-9203},
    pmid = {27034378}
}

@article{BronsteinGeometricData,
    title = {{Geometric deep learning: going beyond Euclidean data}},
    author = {Bronstein, Michael M and Bruna, Joan and Lecun, Yann and Szlam, Arthur and Vandergheynst, Pierre},
    url = {https://arxiv.org/pdf/1611.08097.pdf}
}

@article{Marcon2016High-throughputSignals.,
    title = {{High-throughput mathematical analysis identifies Turing networks for patterning with equally diffusing signals.}},
    year = {2016},
    journal = {eLife},
    author = {Marcon, Luciano and Diego, Xavier and Sharpe, James and M{\"{u}}ller, Patrick},
    volume = {5},
    publisher = {eLife Sciences Publications, Ltd},
    url = {http://www.ncbi.nlm.nih.gov/pubmed/27058171 http://www.pubmedcentral.nih.gov/articlerender.fcgi?artid=PMC4922859},
    doi = {10.7554/eLife.14022},
    issn = {2050-084X},
    pmid = {27058171},
    keywords = {S. cerevisiae, Turing patterns, computational biology, developmental biology, differential diffusivity, diffusion-driven instability, mouse, pattern formation, self-organization, stem cells, systems biology, zebrafish}
}

@article{Alon2009HowProblem,
    title = {{How To Choose a Good Scientific Problem}},
    year = {2009},
    journal = {Molecular Cell},
    author = {Alon, Uri},
    number = {6},
    month = {9},
    pages = {726--728},
    volume = {35},
    publisher = {Elsevier},
    url = {http://www.cell.com/molecular-cell/abstract/S1097-2765(09)00641-8},
    doi = {10.1016/J.MOLCEL.2009.09.013},
    issn = {1097-2765},
    pmid = {19782018}
}

@misc{Krizhevsky2012ImageNetNetworks,
    title = {{ImageNet Classification with Deep Convolutional Neural Networks}},
    year = {2012},
    author = {Krizhevsky, Alex and Sutskever, Ilya and Hinton, Geoffrey E.},
    pages = {1097--1105},
    url = {https://papers.nips.cc/paper/4824-imagenet-classification-with-deep-convolutional-neural-networks}
}

@article{Herz2016IncludingSimulations,
    title = {{Including van der Waals Forces in Diffusion-Convection Equations – Modeling, Analysis, and Numerical Simulations}},
    year = {2016},
    author = {Herz, Matthias and Knabner, Peter},
    url = {https://arxiv.org/pdf/1608.08431.pdf},
    arxivId = {arXiv:1608.08431v1},
    keywords = {coagulation, nonlinear diffusion equations, numerical simulations, porous medium equation, van der Waals equation of state, van der Waals forces}
}

@article{Bravi2017InferenceNodes,
    title = {{Inference for dynamics of continuous variables: the Extended Plefka Expansion with hidden nodes}},
    year = {2017},
    author = {Bravi, B and Sollich, P},
    url = {https://arxiv.org/pdf/1603.05538.pdf},
    arxivId = {arXiv:1603.05538v4},
    keywords = {Biochemical Networks, Dynamical Functional Current affiliation, Inference, Kalman Filter, Mean Field, Plefka Expansion}
}

@article{Zhang2018InformationDissipation,
    title = {{Information scrambling in chaotic systems with dissipation}},
    year = {2018},
    author = {Zhang, Yong-Liang and Huang, Yichen and Chen, Xie},
    url = {https://arxiv.org/pdf/1802.04492.pdf},
    arxivId = {arXiv:1802.04492v1}
}

@article{Yin2011KineticsHybridization,
    title = {{Kinetics and Dynamics of DNA Hybridization}},
    year = {2011},
    journal = {Accounts of Chemical Research},
    author = {Yin, Yandong and Zhao, Xin Sheng},
    number = {11},
    month = {11},
    pages = {1172--1181},
    volume = {44},
    publisher = {American Chemical Society},
    url = {http://pubs.acs.org/doi/abs/10.1021/ar200068j},
    doi = {10.1021/ar200068j},
    issn = {0001-4842}
}

@article{Agazzi2017LargeNetworks,
    title = {{Large deviations theory for Markov jump models of chemical reaction networks}},
    year = {2017},
    author = {Agazzi, Andrea and Dembo, Amir and Eckmann, Jean-Pierre},
    month = {1},
    url = {http://arxiv.org/abs/1701.02126},
    arxivId = {1701.02126}
}

@article{Thickstun2016LearningScratch,
    title = {{Learning Features of Music from Scratch}},
    year = {2016},
    author = {Thickstun, John and Harchaoui, Zaid and Kakade, Sham},
    month = {11},
    url = {http://arxiv.org/abs/1611.09827},
    arxivId = {1611.09827}
}

@article{Agapov2014LengthDirectionality,
    title = {{Length scale of Leidenfrost ratchet switches droplet directionality}},
    year = {2014},
    journal = {Nanoscale},
    author = {Agapov, Rebecca L. and Boreyko, Jonathan B. and Briggs, Dayrl P. and Srijanto, Bernadeta R. and Retterer, Scott T. and Collier, C. Patrick and Lavrik, Nickolay V.},
    number = {15},
    month = {7},
    pages = {9293--9299},
    volume = {6},
    publisher = {The Royal Society of Chemistry},
    url = {http://xlink.rsc.org/?DOI=C4NR02362E},
    doi = {10.1039/C4NR02362E},
    issn = {2040-3364}
}

@article{Roberts2016Lieb-RobinsonEffect,
    title = {{Lieb-Robinson and the butterfly effect}},
    year = {2016},
    author = {Roberts, Daniel A and Swingle, Brian},
    url = {https://arxiv.org/pdf/1603.09298.pdf},
    arxivId = {arXiv:1603.09298v2},
    keywords = {()}
}

@article{Palacci2014Light-ActivatedColloids,
    title = {{Light-Activated Self-Propelled Colloids}},
    year = {2014},
    author = {Palacci, J and Sacanna, S and Kim, S.-H and Yi, G.-R and Pine, D J and Chaikin, P M},
    url = {https://arxiv.org/pdf/1410.7278.pdf},
    arxivId = {arXiv:1410.7278v1}
}

@article{Mueller2017LoadNetworks,
    title = {{Load Adaptation of Lamellipodial Actin Networks}},
    year = {2017},
    journal = {Cell},
    author = {Mueller, J. and Szep, G. and Nemethova, M. and de Vries, I. and Lieber, A.D. and Winkler, C. and Kruse, K. and Small, J.V. and Schmeiser, C. and Keren, K. and Hauschild, R. and Sixt, M.},
    number = {1},
    volume = {171},
    doi = {10.1016/j.cell.2017.07.051},
    issn = {10974172},
    keywords = {actin dynamics, actin network, cell mechanics, cell migration, correlated electron tomography, cytoskeleton, keratocyte, lamellipodium, membrane tension}
}

@article{Hochreiter1997LongMemory,
    title = {{Long Short-Term Memory}},
    year = {1997},
    journal = {Neural Computation},
    author = {Hochreiter, Sepp and Schmidhuber, Jürgen},
    number = {8},
    month = {11},
    pages = {1735--1780},
    volume = {9},
    url = {http://www.mitpressjournals.org/doi/10.1162/neco.1997.9.8.1735},
    doi = {10.1162/neco.1997.9.8.1735},
    issn = {0899-7667}
}

@article{Weber2016MasterIntegrals,
    title = {{Master equations and the theory of stochastic path integrals}},
    year = {2016},
    author = {Weber, Markus F. and Frey, Erwin},
    month = {9},
    url = {http://arxiv.org/abs/1609.02849 http://dx.doi.org/10.1088/1361-6633/aa5ae2},
    doi = {10.1088/1361-6633/aa5ae2},
    arxivId = {1609.02849}
}

@article{Silver2016MasteringSearch,
    title = {{Mastering the game of Go with deep neural networks and tree search}},
    year = {2016},
    journal = {Nature},
    author = {Silver, David and Huang, Aja and Maddison, Chris J. and Guez, Arthur and Sifre, Laurent and van den Driessche, George and Schrittwieser, Julian and Antonoglou, Ioannis and Panneershelvam, Veda and Lanctot, Marc and Dieleman, Sander and Grewe, Dominik and Nham, John and Kalchbrenner, Nal and Sutskever, Ilya and Lillicrap, Timothy and Leach, Madeleine and Kavukcuoglu, Koray and Graepel, Thore and Hassabis, Demis},
    number = {7587},
    month = {1},
    pages = {484--489},
    volume = {529},
    publisher = {Nature Publishing Group},
    url = {http://www.nature.com/doifinder/10.1038/nature16961},
    doi = {10.1038/nature16961},
    issn = {0028-0836},
    keywords = {Computational science, Computer science, Reward}
}

@article{Silver2017MasteringKnowledge,
    title = {{Mastering the game of Go without human knowledge}},
    year = {2017},
    journal = {Nature},
    author = {Silver, David and Schrittwieser, Julian and Simonyan, Karen and Antonoglou, Ioannis and Huang, Aja and Guez, Arthur and Hubert, Thomas and Baker, Lucas and Lai, Matthew and Bolton, Adrian and Chen, Yutian and Lillicrap, Timothy and Hui, Fan and Sifre, Laurent and van den Driessche, George and Graepel, Thore and Hassabis, Demis},
    number = {7676},
    month = {10},
    pages = {354--359},
    volume = {550},
    publisher = {Nature Publishing Group},
    url = {http://www.nature.com/doifinder/10.1038/nature24270},
    doi = {10.1038/nature24270},
    issn = {0028-0836},
    keywords = {Computational science, Computer science, Reward}
}

@article{Loose2011MinMinE,
    title = {{Min protein patterns emerge from rapid rebinding and membrane interaction of MinE}},
    year = {2011},
    journal = {Nature Structural {\&} Molecular Biology},
    author = {Loose, Martin and Fischer-Friedrich, Elisabeth and Herold, Christoph and Kruse, Karsten and Schwille, Petra},
    number = {5},
    month = {5},
    pages = {577--583},
    volume = {18},
    publisher = {Nature Publishing Group},
    url = {http://www.nature.com/articles/nsmb.2037},
    doi = {10.1038/nsmb.2037},
    issn = {1545-9993},
    keywords = {Cell division, Cell polarity, Structural biology}
}

@article{YuanMinimalReconstruction,
    title = {{Minimal realization of the dynamical structure function and its application to network reconstruction}},
    author = {Yuan, Ye and Stan, Guy-Bart and Warnick, Sean and Gon{\c{c}}alves, Jorge},
    url = {https://arxiv.org/pdf/1209.3808.pdf}
}

@article{Lauer2018MLweb:Web,
    title = {{MLweb: A toolkit for machine learning on the web}},
    year = {2018},
    journal = {Neurocomputing},
    author = {Lauer, Fabien},
    month = {3},
    pages = {74--77},
    volume = {282},
    publisher = {Elsevier},
    url = {https://www.sciencedirect.com/science/article/pii/S092523121731843X?via%3Dihub},
    doi = {10.1016/J.NEUCOM.2017.11.069},
    issn = {0925-2312}
}

@article{Smith2018ModelModels.,
    title = {{Model reduction enables Turing instability analysis of large reaction-diffusion models.}},
    year = {2018},
    journal = {Journal of the Royal Society, Interface},
    author = {Smith, Stephen and Dalchau, Neil},
    number = {140},
    month = {3},
    pages = {20170805},
    volume = {15},
    publisher = {The Royal Society},
    url = {http://www.ncbi.nlm.nih.gov/pubmed/29540540},
    doi = {10.1098/rsif.2017.0805},
    issn = {1742-5662},
    pmid = {29540540},
    keywords = {Turing patterns, model reduction, reaction–diffusion, synthetic gene circuits}
}

@article{Smith2018ModelModels.b,
    title = {{Model reduction enables Turing instability analysis of large reaction-diffusion models.}},
    year = {2018},
    journal = {Journal of the Royal Society, Interface},
    author = {Smith, Stephen and Dalchau, Neil},
    number = {140},
    month = {3},
    pages = {20170805},
    volume = {15},
    publisher = {The Royal Society},
    url = {http://www.ncbi.nlm.nih.gov/pubmed/29540540 http://www.pubmedcentral.nih.gov/articlerender.fcgi?artid=PMC5908523},
    doi = {10.1098/rsif.2017.0805},
    issn = {1742-5662},
    pmid = {29540540},
    keywords = {Turing patterns, model reduction, reaction–diffusion, synthetic gene circuits}
}

@article{Smith2018ModelModels.c,
    title = {{Model reduction enables Turing instability analysis of large reaction-diffusion models.}},
    year = {2018},
    journal = {Journal of the Royal Society, Interface},
    author = {Smith, Stephen and Dalchau, Neil},
    number = {140},
    month = {3},
    pages = {20170805},
    volume = {15},
    publisher = {The Royal Society},
    url = {http://www.ncbi.nlm.nih.gov/pubmed/29540540 http://www.pubmedcentral.nih.gov/articlerender.fcgi?artid=PMC5908523},
    doi = {10.1098/rsif.2017.0805},
    issn = {1742-5662},
    pmid = {29540540},
    keywords = {Turing patterns, model reduction, reaction–diffusion, synthetic gene circuits}
}

@article{Mangan2017ModelCriteria,
    title = {{Model selection for dynamical systems via sparse regression and information criteria}},
    year = {2017},
    journal = {Proceedings of the Royal Society A: Mathematical, Physical and Engineering Science},
    author = {Mangan, N. M. and Kutz, J. N. and Brunton, S. L. and Proctor, J. L.},
    number = {2204},
    month = {8},
    pages = {20170009},
    volume = {473},
    publisher = {The Royal Society},
    url = {http://rspa.royalsocietypublishing.org/lookup/doi/10.1098/rspa.2017.0009},
    doi = {10.1098/rspa.2017.0009},
    issn = {1364-5021}
}

@incollection{Venturi2017Mori-ZwanzigQuantification,
    title = {{Mori-Zwanzig Approach to Uncertainty Quantification}},
    year = {2017},
    booktitle = {Handbook of Uncertainty Quantification},
    author = {Venturi, Daniele and Cho, Heyrim and Karniadakis, George Em},
    pages = {1037--1073},
    publisher = {Springer International Publishing},
    url = {http://link.springer.com/10.1007/978-3-319-12385-1_28},
    address = {Cham},
    doi = {10.1007/978-3-319-12385-1{\_}28}
}

@incollection{Yang2014Nature-InspiredAlgorithms,
    title = {{Nature-Inspired Optimization Algorithms}},
    year = {2014},
    booktitle = {Nature-Inspired Optimization Algorithms},
    author = {Yang, Xin-She},
    isbn = {9780124167438},
    doi = {10.1016/B978-0-12-416743-8.00016-6}
}

@article{GoncalvesNecessaryNetworks,
    title = {{Necessary and Sufficient Conditions for Dynamical Structure Reconstruction of LTI Networks}},
    author = {Gon{\c{c}}alves, Jorge and Warnick, Sean},
    url = {https://idealabs.byu.edu/publications/conference/LTINetworks.pdf}
}

@article{Alon2007NetworkApproaches,
    title = {{Network motifs: theory and experimental approaches}},
    year = {2007},
    journal = {Nature Reviews Genetics},
    author = {Alon, Uri},
    number = {6},
    month = {6},
    pages = {450--461},
    volume = {8},
    publisher = {Nature Publishing Group},
    url = {http://www.nature.com/doifinder/10.1038/nrg2102},
    doi = {10.1038/nrg2102},
    issn = {1471-0056}
}

@article{Buesing2011NeuralNeurons,
    title = {{Neural Dynamics as Sampling: A Model for Stochastic Computation in Recurrent Networks of Spiking Neurons}},
    year = {2011},
    journal = {PLoS Computational Biology},
    author = {Buesing, Lars and Bill, Johannes and Nessler, Bernhard and Maass, Wolfgang},
    editor = {Sporns, Olaf},
    number = {11},
    month = {11},
    pages = {e1002211},
    volume = {7},
    url = {http://www.ncbi.nlm.nih.gov/pubmed/22096452 http://www.pubmedcentral.nih.gov/articlerender.fcgi?artid=PMC3207943 http://dx.plos.org/10.1371/journal.pcbi.1002211},
    doi = {10.1371/journal.pcbi.1002211},
    issn = {1553-7358},
    pmid = {22096452}
}

@article{Cardelli2016NoiseSwitches,
    title = {{Noise Reduction in Complex Biological Switches}},
    year = {2016},
    journal = {Scientific Reports},
    author = {Cardelli, Luca and Csik{\'{a}}sz-Nagy, Attila and Dalchau, Neil and Tribastone, Mirco and Tschaikowski, Max},
    volume = {6},
    doi = {10.1038/srep20214},
    issn = {20452322},
    pmid = {26853830}
}

@article{Cardelli2016NoiseSwitchesb,
    title = {{Noise Reduction in Complex Biological Switches}},
    year = {2016},
    journal = {Scientific Reports},
    author = {Cardelli, Luca and Csik{\'{a}}sz-Nagy, Attila and Dalchau, Neil and Tribastone, Mirco and Tschaikowski, Max},
    number = {1},
    month = {4},
    pages = {20214},
    volume = {6},
    publisher = {Nature Publishing Group},
    url = {http://www.nature.com/articles/srep20214},
    doi = {10.1038/srep20214},
    issn = {2045-2322},
    keywords = {Biochemical networks, Cellular noise, Stochastic modelling}
}

@article{RaoNonequilibriumThermodynamics,
    title = {{Nonequilibrium Thermodynamics of Chemical Reaction Networks:  Wisdom from Stochastic Thermodynamics}},
    author = {Rao, Riccardo and Esposito, Massimiliano},
    url = {https://journals.aps.org/prx/pdf/10.1103/PhysRevX.6.041064},
    doi = {10.1103/PhysRevX.6.041064},
    keywords = {Chemical Physics, Nonlinear Dynamics, Statistical Physics, Subject Areas}
}

@article{Majumdar2011NumberMatrices,
    title = {{Number of relevant directions in Principal Component Analysis and Wishart random matrices}},
    year = {2011},
    author = {Majumdar, Satya N. and Vivo, Pierpaolo},
    month = {12},
    url = {http://arxiv.org/abs/1112.5391},
    arxivId = {1112.5391}
}

@article{Gross2015NumericalSciences,
    title = {{Numerical algebraic geometry for model selection and its application to the life sciences}},
    year = {2015},
    author = {Gross, Elizabeth and Davis, Brent and Ho, Kenneth L. and Bates, Daniel J. and Harrington, Heather A.},
    month = {7},
    url = {http://arxiv.org/abs/1507.04331},
    arxivId = {1507.04331}
}

@article{Biane1997OnDistribution,
    title = {{On the Free Convolution with a Semi-circular Distribution}},
    year = {1997},
    journal = {Indiana University Mathematics Journal},
    author = {Biane, Philippe},
    number = {3},
    pages = {705--718},
    volume = {46},
    url = {http://www.jstor.org/stable/24899639 http://about.jstor.org/terms}
}

@article{MilanOnlineNetworks,
    title = {{Online Multi-Target Tracking Using Recurrent Neural Networks}},
    author = {Milan, Anton and Hamid Rezatofighi, S and Dick, Anthony and Reid, Ian and Schindler, Konrad},
    url = {https://arxiv.org/pdf/1604.03635.pdf}
}

@article{Chorin1999OptimalProcesses,
    title = {{Optimal prediction and the Mori–Zwanzig representation of irreversible processes}},
    year = {1999},
    author = {Chorin, Alexandre J and Hald, Ole H and Kupferman, Raz},
    url = {http://www.pnas.org/content/pnas/97/7/2968.full.pdf}
}

@article{Grant2016OrthogonalBehavior,
    title = {{Orthogonal intercellular signaling for programmed spatial behavior}},
    year = {2016},
    journal = {Molecular Systems Biology},
    author = {Grant, P. K. and Dalchau, N. and Brown, J. R. and Federici, F. and Rudge, T. J. and Yordanov, B. and Patange, O. and Phillips, A. and Haseloff, J.},
    number = {1},
    month = {1},
    pages = {849--849},
    volume = {12},
    publisher = {Wiley-Blackwell},
    url = {http://msb.embopress.org/cgi/doi/10.15252/msb.20156590},
    doi = {10.15252/msb.20156590},
    issn = {1744-4292},
    keywords = {modeling, quorum sensing, spatial patterning, synthetic biology}
}

@article{FarrellParticleLearning,
    title = {{Particle Track Reconstruction with Deep Learning}},
    author = {Farrell, Steven and Calafiura, Paolo and Mudigonda, Mayur and Anderson, Dustin and Bendavid, Josh and Spiropoulou, Maria and Vlimant, Jean-Roch and Zheng, Stephan and Cerati, Giuseppe and Gray, Lindsey and Kapoor, Keshav and Kowalkowski, Jim and Spentzouris, Panagiotis and Tsaris, Aristeidis and Zurawski, Daniel},
    url = {https://dl4physicalsciences.github.io/files/nips_dlps_2017_28.pdf}
}

@article{Pablo2018Particle-basedFormation,
    title = {{Particle-based simulations of polarity establishment reveal stochastic promotion of Turing pattern formation}},
    year = {2018},
    journal = {PLOS Computational Biology},
    author = {Pablo, Michael and Ramirez, Samuel A. and Elston, Timothy C.},
    editor = {Igoshin, Oleg A.},
    number = {3},
    month = {3},
    pages = {e1006016},
    volume = {14},
    publisher = {Public Library of Science},
    url = {http://dx.plos.org/10.1371/journal.pcbi.1006016},
    doi = {10.1371/journal.pcbi.1006016},
    issn = {1553-7358}
}

@article{SMITH-ROBERGE2018PatternDiffusion,
    title = {{Pattern formation in bacterial colonies with density-dependent diffusion}},
    year = {2018},
    journal = {European Journal of Applied Mathematics},
    author = {SMITH-ROBERGE, JULIEN and IRON, DAVID and KOLOKOLNIKOV, THEODORE},
    month = {1},
    pages = {1--23},
    publisher = {Cambridge University Press},
    url = {https://www.cambridge.org/core/product/identifier/S0956792518000013/type/journal_article},
    doi = {10.1017/S0956792518000013},
    issn = {0956-7925},
    keywords = {Bacterial aggregation, pattern formation, state-dependent diffusion}
}

@article{AaboudPerformance2,
    title = {{Performance of the ATLAS track reconstruction algorithms in dense environments in LHC Run 2}},
    journal = {The European Physical Journal C},
    author = {Aaboud, M. and Aad, G. and Abbott, B. and Abdallah, J. and Abdinov, O. and Abeloos, B. and Abidi, S. H. and AbouZeid, O. S. and Abraham, N. L. and Abramowicz, H. and Abreu, H. and Abreu, R. and Abulaiti, Y. and Acharya, B. S. and Adachi, S. and Adamczyk, L. and Adelman, J. and Adersberger, M. and Adye, T. and Affolder, A. A. and Agatonovic-Jovin, T. and Agheorghiesei, C. and Aguilar-Saavedra, J. A. and Ahlen, S. P. and Ahmadov, F. and Aielli, G. and Akatsuka, S. and Akerstedt, H. and {\AA}kesson, T. P. A. and Akimov, A. V. and Alberghi, G. L. and Albert, J. and Albicocco, P. and Verzini, M. J. Alconada and Aleksa, M. and Aleksandrov, I. N. and Alexa, C. and Alexander, G. and Alexopoulos, T. and Alhroob, M. and Ali, B. and Aliev, M. and Alimonti, G. and Alison, J. and Alkire, S. P. and Allbrooke, B. M. M. and Allen, B. W. and Allport, P. P. and Aloisio, A. and Alonso, A. and Alonso, F. and Alpigiani, C. and Alshehri, A. A. and Alstaty, M. and Gonzalez, B. Alvarez and Piqueras, D. Álvarez and Alviggi, M. G. and Amadio, B. T. and Coutinho, Y. Amaral and Amelung, C. and Amidei, D. and Santos, S. P. Amor Dos and Amorim, A. and Amoroso, S. and Amundsen, G. and Anastopoulos, C. and Ancu, L. S. and Andari, N. and Andeen, T. and Anders, C. F. and Anders, J. K. and Anderson, K. J. and Andreazza, A. and Andrei, V. and Angelidakis, S. and Angelozzi, I. and Angerami, A. and Anisenkov, A. V. and Anjos, N. and Annovi, A. and Antel, C. and Antonelli, M. and Antonov, A. and Antrim, D. J. and Anulli, F. and Aoki, M. and Bella, L. Aperio and Arabidze, G. and Arai, Y. and Araque, J. P. and Ferraz, V. Araujo and Arce, A. T. H. and Ardell, R. E. and Arduh, F. A. and Arguin, J.-F. and Argyropoulos, S. and Arik, M. and Armbruster, A. J. and Armitage, L. J. and Arnaez, O. and Arnold, H. and Arratia, M. and Arslan, O. and Artamonov, A. and Artoni, G. and Artz, S. and Asai, S. and Asbah, N. and Ashkenazi, A. and Asquith, L. and Assamagan, K. and Astalos, R. and Atkinson, M. and Atlay, N. B. and Augsten, K. and Avolio, G. and Axen, B. and Ayoub, M. K. and Azuelos, G. and Baas, A. E. and Baca, M. J. and Bachacou, H. and Bachas, K. and Backes, M. and Backhaus, M. and Bagnaia, P. and Bahrasemani, H. and Baines, J. T. and Bajic, M. and Baker, O. K. and Baldin, E. M. and Balek, P. and Balli, F. and Balunas, W. K. and Banas, E. and Banerjee, Sw. and Bannoura, A. A. E. and Barak, L. and Barberio, E. L. and Barberis, D. and Barbero, M. and Barillari, T. and Barisits, M.-S. and Barklow, T. and Barlow, N. and Barnes, S. L. and Barnett, B. M. and Barnett, R. M. and Barnovska-Blenessy, Z. and Baroncelli, A. and Barone, G. and Barr, A. J. and Navarro, L. Barranco and Barreiro, F. and Costa, J. Barreiro Guimarães da and Bartoldus, R. and Barton, A. E. and Bartos, P. and Basalaev, A. and Bassalat, A. and Bates, R. L. and Batista, S. J. and Batley, J. R. and Battaglia, M. and Bauce, M. and Bauer, F. and Bawa, H. S. and Beacham, J. B. and Beattie, M. D. and Beau, T. and Beauchemin, P. H. and Bechtle, P. and Beck, H. P. and Becker, K. and Becker, M. and Beckingham, M. and Becot, C. and Beddall, A. J. and Beddall, A. and Bednyakov, V. A. and Bedognetti, M. and Bee, C. P. and Beermann, T. A. and Begalli, M. and Begel, M. and Behr, J. K. and Bell, A. S. and Bella, G. and Bellagamba, L. and Bellerive, A. and Bellomo, M. and Belotskiy, K. and Beltramello, O. and Belyaev, N. L. and Benary, O. and Benchekroun, D. and Bender, M. and Bendtz, K. and Benekos, N. and Benhammou, Y. and Noccioli, E. Benhar and Benitez, J. and Benjamin, D. P. and Benoit, M. and Bensinger, J. R. and Bentvelsen, S. and Beresford, L. and Beretta, M. and Berge, D. and Kuutmann, E. Bergeaas and Berger, N. and Beringer, J. and Berlendis, S. and Bernard, N. R. and Bernardi, G. and Bernius, C. and Bernlochner, F. U. and Berry, T. and Berta, P. and Bertella, C. and Bertoli, G. and Bertolucci, F. and Bertram, I. A. and Bertsche, C. and Bertsche, D. and Besjes, G. J. and Bylund, O. Bessidskaia and Bessner, M. and Besson, N. and Betancourt, C. and Bethani, A. and Bethke, S. and Bevan, A. J. and Beyer, J. and Bianchi, R. M. and Biebel, O. and Biedermann, D. and Bielski, R. and Biesuz, N. V. and Biglietti, M. and Billoud, T. R. V. and Bilokon, H. and Bindi, M. and Bingul, A. and Bini, C. and Biondi, S. and Bisanz, T. and Bittrich, C. and Bjergaard, D. M. and Black, C. W. and Black, J. E. and Black, K. M. and Blair, R. E. and Blazek, T. and Bloch, I. and Blocker, C. and Blue, A. and Blum, W. and Blumenschein, U. and Blunier, S. and Bobbink, G. J. and Bobrovnikov, V. S. and Bocchetta, S. S. and Bocci, A. and Bock, C. and Boehler, M. and Boerner, D. and Bogavac, D. and Bogdanchikov, A. G. and Bohm, C. and Boisvert, V. and Bokan, P. and Bold, T. and Boldyrev, A. S. and Bolz, A. E. and Bomben, M. and Bona, M. and Boonekamp, M. and Borisov, A. and Borissov, G. and Bortfeldt, J. and Bortoletto, D. and Bortolotto, V. and Boscherini, D. and Bosman, M. and Sola, J. D. Bossio and Boudreau, J. and Bouffard, J. and Bouhova-Thacker, E. V. and Boumediene, D. and Bourdarios, C. and Boutle, S. K. and Boveia, A. and Boyd, J. and Boyko, I. R. and Bracinik, J. and Brandt, A. and Brandt, G. and Brandt, O. and Bratzler, U. and Brau, B. and Brau, J. E. and Madden, W. D. Breaden and Brendlinger, K. and Brennan, A. J. and Brenner, L. and Brenner, R. and Bressler, S. and Briglin, D. L. and Bristow, T. M. and Britton, D. and Britzger, D. and Brochu, F. M. and Brock, I. and Brock, R. and Brooijmans, G. and Brooks, T. and Brooks, W. K. and Brosamer, J. and Brost, E. and Broughton, J. H and Renstrom, P. A. Bruckman de and Bruncko, D. and Bruni, A. and Bruni, G. and Bruni, L. S. and Brunt, BH and Bruschi, M. and Bruscino, N. and Bryant, P. and Bryngemark, L. and Buanes, T. and Buat, Q. and Buchholz, P. and Buckley, A. G. and Budagov, I. A. and Buehrer, F. and Bugge, M. K. and Bulekov, O. and Bullock, D. and Burch, T. J. and Burckhart, H. and Burdin, S. and Burgard, C. D. and Burger, A. M. and Burghgrave, B. and Burka, K. and Burke, S. and Burmeister, I. and Burr, J. T. P. and Busato, E. and B{\"{u}}scher, D. and B{\"{u}}scher, V. and Bussey, P. and Butler, J. M. and Buttar, C. M. and Butterworth, J. M. and Butti, P. and Buttinger, W. and Buzatu, A. and Buzykaev, A. R. and Urb{\'{a}}n, S. Cabrera and Caforio, D. and Cairo, V. M. and Cakir, O. and Calace, N. and Calafiura, P. and Calandri, A. and Calderini, G. and Calfayan, P. and Callea, G. and Caloba, L. P. and Lopez, S. Calvente and Calvet, D. and Calvet, S. and Calvet, T. P. and Toro, R. Camacho and Camarda, S. and Camarri, P. and Cameron, D. and Armadans, R. Caminal and Camincher, C. and Campana, S. and Campanelli, M. and Camplani, A. and Campoverde, A. and Canale, V. and Bret, M. Cano and Cantero, J. and Cao, T. and Garrido, M. D. M. Capeans and Caprini, I. and Caprini, M. and Capua, M. and Carbone, R. M. and Cardarelli, R. and Cardillo, F. and Carli, I. and Carli, T. and Carlino, G. and Carlson, B. T. and Carminati, L. and Carney, R. M. D. and Caron, S. and Carquin, E. and Carr{\'{a}}, S. and Carrillo-Montoya, G. D. and Carvalho, J. and Casadei, D. and Casado, M. P. and Casolino, M. and Casper, D. W. and Castelijn, R. and Gimenez, V. Castillo and Castro, N. F. and Catinaccio, A. and Catmore, J. R. and Cattai, A. and Caudron, J. and Cavaliere, V. and Cavallaro, E. and Cavalli, D. and Cavalli-Sforza, M. and Cavasinni, V. and Celebi, E. and Ceradini, F. and Alberich, L. Cerda and Cerqueira, A. S. and Cerri, A. and Cerrito, L. and Cerutti, F. and Cervelli, A. and Cetin, S. A. and Chafaq, A. and Chakraborty, D. and Chan, S. K. and Chan, W. S. and Chan, Y. L. and Chang, P. and Chapman, J. D. and Charlton, D. G. and Chau, C. C. and Barajas, C. A. Chavez and Che, S. and Cheatham, S. and Chegwidden, A. and Chekanov, S. and Chekulaev, S. V. and Chelkov, G. A. and Chelstowska, M. A. and Chen, C. and Chen, H. and Chen, S. and Chen, S. and Chen, X. and Chen, Y. and Cheng, H. C. and Cheng, H. J. and Cheplakov, A. and Cheremushkina, E. and Moursli, R. Cherkaoui El and Chernyatin, V. and Cheu, E. and Chevalier, L. and Chiarella, V. and Chiarelli, G. and Chiodini, G. and Chisholm, A. S. and Chitan, A. and Chiu, Y. H. and Chizhov, M. V. and Choi, K. and Chomont, A. R. and Chouridou, S. and Christodoulou, V. and Chromek-Burckhart, D. and Chu, M. C. and Chudoba, J. and Chuinard, A. J. and Chwastowski, J. J. and Chytka, L. and Ciftci, A. K. and Cinca, D. and Cindro, V. and Cioara, I. A. and Ciocca, C. and Ciocio, A. and Cirotto, F. and Citron, Z. H. and Citterio, M. and Ciubancan, M. and Clark, A. and Clark, B. L. and Clark, M. R. and Clark, P. J. and Clarke, R. N. and Clement, C. and Coadou, Y. and Cobal, M. and Coccaro, A. and Cochran, J. and Colasurdo, L. and Cole, B. and Colijn, A. P. and Collot, J. and Colombo, T. and Mui{\~{n}}o, P. Conde and Coniavitis, E. and Connell, S. H. and Connelly, I. A. and Constantinescu, S. and Conti, G. and Conventi, F. and Cooke, M. and Cooper-Sarkar, A. M. and Cormier, F. and Cormier, K. J. R. and Corradi, M. and Corriveau, F. and Cortes-Gonzalez, A. and Cortiana, G. and Costa, G. and Costa, M. J. and Costanzo, D. and Cottin, G. and Cowan, G. and Cox, B. E. and Cranmer, K. and Crawley, S. J. and Creager, R. A. and Cree, G. and Cr{\'{e}}p{\'{e}}-Renaudin, S. and Crescioli, F. and Cribbs, W. A. and Cristinziani, M. and Croft, V. and Crosetti, G. and Cueto, A. and Donszelmann, T. Cuhadar and Cukierman, A. R. and Cummings, J. and Curatolo, M. and C{\'{u}}th, J. and Czirr, H. and Czodrowski, P. and D’amen, G. and D’Auria, S. and D’eramo, L. and D’Onofrio, M. and Sousa, M. J. Da Cunha Sargedas De and Via, C. Da and Dabrowski, W. and Dado, T. and Dai, T. and Dale, O. and Dallaire, F. and Dallapiccola, C. and Dam, M. and Dandoy, J. R. and Daneri, M. F. and Dang, N. P. and Daniells, A. C. and Dann, N. S. and Danninger, M. and Hoffmann, M. Dano and Dao, V. and Darbo, G. and Darmora, S. and Dassoulas, J. and Dattagupta, A. and Daubney, T. and Davey, W. and David, C. and Davidek, T. and Davies, M. and Davis, D. R. and Davison, P. and Dawe, E. and Dawson, I. and De, K. and Asmundis, R. de and Benedetti, A. De and Castro, S. De and Cecco, S. De and Groot, N. De and Jong, P. de and Torre, H. De la and Lorenzi, F. De and Maria, A. De and Pedis, D. De and Salvo, A. De and Sanctis, U. De and Santo, A. De and Corga, K. De Vasconcelos and Regie, J. B. De Vivie De and Dearnaley, W. J. and Debbe, R. and Debenedetti, C. and Dedovich, D. V. and Dehghanian, N. and Deigaard, I. and Gaudio, M. Del and Peso, J. Del and Prete, T. Del and Delgove, D. and Deliot, F. and Delitzsch, C. M. and Dell’Acqua, A. and Dell’Asta, L. and Dell’Orso, M. and Pietra, M. Della and Volpe, D. della and Delmastro, M. and Delporte, C. and Delsart, P. A. and DeMarco, D. A. and Demers, S. and Demichev, M. and Demilly, A. and Denisov, S. P. and Denysiuk, D. and Derendarz, D. and Derkaoui, J. E. and Derue, F. and Dervan, P. and Desch, K. and Deterre, C. and Dette, K. and Devesa, M. R. and Deviveiros, P. O. and Dewhurst, A. and Dhaliwal, S. and Bello, F. A. Di and Ciaccio, A. Di and Ciaccio, L. Di and Clemente, W. K. Di and Donato, C. Di and Girolamo, A. Di and Girolamo, B. Di and Micco, B. Di and Nardo, R. Di and Petrillo, K. F. Di and Simone, A. Di and Sipio, R. Di and Valentino, D. Di and Diaconu, C. and Diamond, M. and Dias, F. A. and Diaz, M. A. and Diehl, E. B. and Dietrich, J. and Cornell, S. Díez and Dimitrievska, A. and Dingfelder, J. and Dita, P. and Dita, S. and Dittus, F. and Djama, F. and Djobava, T. and Djuvsland, J. I. and Vale, M. A. B. do and Dobos, D. and Dobre, M. and Doglioni, C. and Dolejsi, J. and Dolezal, Z. and Donadelli, M. and Donati, S. and Dondero, P. and Donini, J. and Dopke, J. and Doria, A. and Dova, M. T. and Doyle, A. T. and Drechsler, E. and Dris, M. and Du, Y. and Duarte-Campderros, J. and Dubreuil, A. and Duchovni, E. and Duckeck, G. and Ducourthial, A. and Ducu, O. A. and Duda, D. and Dudarev, A. and Dudder, A. Chr. and Duffield, E. M. and Duflot, L. and D{\"{u}}hrssen, M. and Dumancic, M. and Dumitriu, A. E. and Duncan, A. K. and Dunford, M. and Yildiz, H. Duran and D{\"{u}}ren, M. and Durglishvili, A. and Duschinger, D. and Dutta, B. and Dyndal, M. and Eckardt, C. and Ecker, K. M. and Edgar, R. C. and Eifert, T. and Eigen, G. and Einsweiler, K. and Ekelof, T. and Kacimi, M. El and Kosseifi, R. El and Ellajosyula, V. and Ellert, M. and Elles, S. and Ellinghaus, F. and Elliot, A. A. and Ellis, N. and Elmsheuser, J. and Elsing, M. and Emeliyanov, D. and Enari, Y. and Endner, O. C. and Ennis, J. S. and Erdmann, J. and Ereditato, A. and Ernis, G. and Ernst, M. and Errede, S. and Escalier, M. and Escobar, C. and Esposito, B. and Pastor, O. Estrada and Etienvre, A. I. and Etzion, E. and Evans, H. and Ezhilov, A. and Ezzi, M. and Fabbri, F. and Fabbri, L. and Facini, G. and Fakhrutdinov, R. M. and Falciano, S. and Falla, R. J. and Faltova, J. and Fang, Y. and Fanti, M. and Farbin, A. and Farilla, A. and Farina, C. and Farina, E. M. and Farooque, T. and Farrell, S. and Farrington, S. M. and Farthouat, P. and Fassi, F. and Fassnacht, P. and Fassouliotis, D. and Giannelli, M. Faucci and Favareto, A. and Fawcett, W. J. and Fayard, L. and Fedin, O. L. and Fedorko, W. and Feigl, S. and Feligioni, L. and Feng, C. and Feng, E. J. and Feng, H. and Fenton, M. J. and Fenyuk, A. B. and Feremenga, L. and Martinez, P. Fernandez and Perez, S. Fernandez and Ferrando, J. and Ferrari, A. and Ferrari, P. and Ferrari, R. and Lima, D. E. Ferreira de and Ferrer, A. and Ferrere, D. and Ferretti, C. and Fiedler, F. and Filip{\v{c}}i{\v{c}}, A. and Filipuzzi, M. and Filthaut, F. and Fincke-Keeler, M. and Finelli, K. D. and Fiolhais, M. C. N. and Fiorini, L. and Fischer, A. and Fischer, C. and Fischer, J. and Fisher, W. C. and Flaschel, N. and Fleck, I. and Fleischmann, P. and Fletcher, R. R. M. and Flick, T. and Flierl, B. M. and Castillo, L. R. Flores and Flowerdew, M. J. and Forcolin, G. T. and Formica, A. and F{\"{o}}rster, F. A. and Forti, A. and Foster, A. G. and Fournier, D. and Fox, H. and Fracchia, S. and Francavilla, P. and Franchini, M. and Franchino, S. and Francis, D. and Franconi, L. and Franklin, M. and Frate, M. and Fraternali, M. and Freeborn, D. and Fressard-Batraneanu, S. M. and Freund, B. and Froidevaux, D. and Frost, J. A. and Fukunaga, C. and Fusayasu, T. and Fuster, J. and Gabaldon, C. and Gabizon, O. and Gabrielli, A. and Gabrielli, A. and Gach, G. P. and Gadatsch, S. and Gadomski, S. and Gagliardi, G. and Gagnon, L. G. and Galea, C. and Galhardo, B. and Gallas, E. J. and Gallop, B. J. and Gallus, P. and Galster, G. and Gan, K. K. and Ganguly, S. and Gao, Y. and Gao, Y. S. and Walls, F. M. Garay and Garc{\'{i}}a, C. and Navarro, J. E. García and Garcia-Sciveres, M. and Gardner, R. W. and Garelli, N. and Garonne, V. and Bravo, A. Gascon and Gasnikova, K. and Gatti, C. and Gaudiello, A. and Gaudio, G. and Gavrilenko, I. L. and Gay, C. and Gaycken, G. and Gazis, E. N. and Gee, C. N. P. and Geisen, J. and Geisen, M. and Geisler, M. P. and Gellerstedt, K. and Gemme, C. and Genest, M. H. and Geng, C. and Gentile, S. and Gentsos, C. and George, S. and Gerbaudo, D. and Gershon, A. and Ge{\ss}ner, G. and Ghasemi, S. and Ghneimat, M. and Giacobbe, B. and Giagu, S. and Giannetti, P. and Gibson, S. M. and Gignac, M. and Gilchriese, M. and Gillberg, D. and Gilles, G. and Gingrich, D. M. and Giokaris, N. and Giordani, M. P. and Giorgi, F. M. and Giraud, P. F. and Giromini, P. and Giugni, D. and Giuli, F. and Giuliani, C. and Giulini, M. and Gjelsten, B. K. and Gkaitatzis, S. and Gkialas, I. and Gkougkousis, E. L. and Gkountoumis, P. and Gladilin, L. K. and Glasman, C. and Glatzer, J. and Glaysher, P. C. F. and Glazov, A. and Goblirsch-Kolb, M. and Godlewski, J. and Goldfarb, S. and Golling, T. and Golubkov, D. and Gomes, A. and Gon{\c{c}}alo, R. and Gama, R. Goncalves and Costa, J. Goncalves Pinto Firmino Da and Gonella, G. and Gonella, L. and Gongadze, A. and Hoz, S. González de la and Gonzalez-Sevilla, S. and Goossens, L. and Gorbounov, P. A. and Gordon, H. A. and Gorelov, I. and Gorini, B. and Gorini, E. and Gori{\v{s}}ek, A. and Goshaw, A. T. and G{\"{o}}ssling, C. and Gostkin, M. I. and Gottardo, C. A. and Goudet, C. R. and Goujdami, D. and Goussiou, A. G. and Govender, N. and Gozani, E. and Graber, L. and Grabowska-Bold, I. and Gradin, P. O. J. and Gramling, J. and Gramstad, E. and Grancagnolo, S. and Gratchev, V. and Gravila, P. M. and Gray, C. and Gray, H. M. and Greenwood, Z. D. and Grefe, C. and Gregersen, K. and Gregor, I. M. and Grenier, P. and Grevtsov, K. and Griffiths, J. and Grillo, A. A. and Grimm, K. and Grinstein, S. and Gris, Ph. and Grivaz, J.-F. and Groh, S. and Gross, E. and Grosse-Knetter, J. and Grossi, G. C. and Grout, Z. J. and Grummer, A. and Guan, L. and Guan, W. and Guenther, J. and Guescini, F. and Guest, D. and Gueta, O. and Gui, B. and Guido, E. and Guillemin, T. and Guindon, S. and Gul, U. and Gumpert, C. and Guo, J. and Guo, W. and Guo, Y. and Gupta, R. and Gupta, S. and Gustavino, G. and Gutierrez, P. and Ortiz, N. G. Gutierrez and Gutschow, C. and Guyot, C. and Guzik, M. P. and Gwenlan, C. and Gwilliam, C. B. and Haas, A. and Haber, C. and Hadavand, H. K. and Haddad, N. and Hadef, A. and Hageb{\"{o}}ck, S. and Hagihara, M. and Hakobyan, H. and Haleem, M. and Haley, J. and Halladjian, G. and Hallewell, G. D. and Hamacher, K. and Hamal, P. and Hamano, K. and Hamilton, A. and Hamity, G. N. and Hamnett, P. G. and Han, L. and Han, S. and Hanagaki, K. and Hanawa, K. and Hance, M. and Haney, B. and Hanke, P. and Hansen, J. B. and Hansen, J. D. and Hansen, M. C. and Hansen, P. H. and Hara, K. and Hard, A. S. and Harenberg, T. and Hariri, F. and Harkusha, S. and Harrington, R. D. and Harrison, P. F. and Hartmann, N. M. and Hasegawa, M. and Hasegawa, Y. and Hasib, A. and Hassani, S. and Haug, S. and Hauser, R. and Hauswald, L. and Havener, L. B. and Havranek, M. and Hawkes, C. M. and Hawkings, R. J. and Hayakawa, D. and Hayden, D. and Hays, C. P. and Hays, J. M. and Hayward, H. S. and Haywood, S. J. and Head, S. J. and Heck, T. and Hedberg, V. and Heelan, L. and Heidegger, K. K. and Heim, S. and Heim, T. and Heinemann, B. and Heinrich, J. J. and Heinrich, L. and Heinz, C. and Hejbal, J. and Helary, L. and Held, A. and Hellman, S. and Helsens, C. and Henderson, R. C. W. and Heng, Y. and Henkelmann, S. and Correia, A. M. Henriques and Henrot-Versille, S. and Herbert, G. H. and Herde, H. and Herget, V. and Jim{\'{e}}nez, Y. Hernández and Herr, H. and Herten, G. and Hertenberger, R. and Hervas, L. and Herwig, T. C. and Hesketh, G. G. and Hessey, N. P. and Hetherly, J. W. and Higashino, S. and Hig{\'{o}}n-Rodriguez, E. and Hill, E. and Hill, J. C. and Hiller, K. H. and Hillier, S. J. and Hils, M. and Hinchliffe, I. and Hirose, M. and Hirschbuehl, D. and Hiti, B. and Hladik, O. and Hoad, X. and Hobbs, J. and Hod, N. and Hodgkinson, M. C. and Hodgson, P. and Hoecker, A. and Hoeferkamp, M. R. and Hoenig, F. and Hohn, D. and Holmes, T. R. and Homann, M. and Honda, S. and Honda, T. and Hong, T. M. and Hooberman, B. H. and Hopkins, W. H. and Horii, Y. and Horton, A. J. and Hostachy, J.-Y. and Hou, S. and Hoummada, A. and Howarth, J. and Hoya, J. and Hrabovsky, M. and Hrdinka, J. and Hristova, I. and Hrivnac, J. and Hryn’ova, T. and Hrynevich, A. and Hsu, P. J. and Hsu, S.-C. and Hu, Q. and Hu, S. and Huang, Y. and Hubacek, Z. and Hubaut, F. and Huegging, F. and Huffman, T. B. and Hughes, E. W. and Hughes, G. and Huhtinen, M. and Huo, P. and Huseynov, N. and Huston, J. and Huth, J. and Iacobucci, G. and Iakovidis, G. and Ibragimov, I. and Iconomidou-Fayard, L. and Idrissi, Z. and Iengo, P. and Igonkina, O. and Iizawa, T. and Ikegami, Y. and Ikeno, M. and Ilchenko, Y. and Iliadis, D. and Ilic, N. and Introzzi, G. and Ioannou, P. and Iodice, M. and Iordanidou, K. and Ippolito, V. and Isacson, M. F. and Ishijima, N. and Ishino, M. and Ishitsuka, M. and Issever, C. and Istin, S. and Ito, F. and Ponce, J. M. Iturbe and Iuppa, R. and Iwasaki, H. and Izen, J. M. and Izzo, V. and Jabbar, S. and Jackson, P. and Jacobs, R. M. and Jain, V. and Jakobi, K. B. and Jakobs, K. and Jakobsen, S. and Jakoubek, T. and Jamin, D. O. and Jana, D. K. and Jansky, R. and Janssen, J. and Janus, M. and Janus, P. A. and Jarlskog, G. and Javadov, N. and Javůrek, T. and Javurkova, M. and Jeanneau, F. and Jeanty, L. and Jejelava, J. and Jelinskas, A. and Jenni, P. and Jeske, C. and J{\'{e}}z{\'{e}}quel, S. and Ji, H. and Jia, J. and Jiang, H. and Jiang, Y. and Jiang, Z. and Jiggins, S. and Pena, J. Jimenez and Jin, S. and Jinaru, A. and Jinnouchi, O. and Jivan, H. and Johansson, P. and Johns, K. A. and Johnson, C. A. and Johnson, W. J. and Jon-And, K. and Jones, R. W. L. and Jones, S. D. and Jones, S. and Jones, T. J. and Jongmanns, J. and Jorge, P. M. and Jovicevic, J. and Ju, X. and Rozas, A. Juste and K{\"{o}}hler, M. K. and Kaczmarska, A. and Kado, M. and Kagan, H. and Kagan, M. and Kahn, S. J. and Kaji, T. and Kajomovitz, E. and Kalderon, C. W. and Kaluza, A. and Kama, S. and Kamenshchikov, A. and Kanaya, N. and Kanjir, L. and Kantserov, V. A. and Kanzaki, J. and Kaplan, B. and Kaplan, L. S. and Kar, D. and Karakostas, K. and Karastathis, N. and Kareem, M. J. and Karentzos, E. and Karpov, S. N. and Karpova, Z. M. and Karthik, K. and Kartvelishvili, V. and Karyukhin, A. N. and Kasahara, K. and Kashif, L. and Kass, R. D. and Kastanas, A. and Kataoka, Y. and Kato, C. and Katre, A. and Katzy, J. and Kawade, K. and Kawagoe, K. and Kawamoto, T. and Kawamura, G. and Kay, E. F. and Kazanin, V. F. and Keeler, R. and Kehoe, R. and Keller, J. S. and Kempster, J. J. and Kendrick, J and Keoshkerian, H. and Kepka, O. and Ker{\v{s}}evan, B. P. and Kersten, S. and Keyes, R. A. and Khader, M. and Khalil-zada, F. and Khanov, A. and Kharlamov, A. G. and Kharlamova, T. and Khodinov, A. and Khoo, T. J. and Khovanskiy, V. and Khramov, E. and Khubua, J. and Kido, S. and Kilby, C. R. and Kim, H. Y. and Kim, S. H. and Kim, Y. K. and Kimura, N. and Kind, O. M. and King, B. T. and Kirchmeier, D. and Kirk, J. and Kiryunin, A. E. and Kishimoto, T. and Kisielewska, D. and Kitali, V. and Kiuchi, K. and Kivernyk, O. and Kladiva, E. and Klapdor-Kleingrothaus, T. and Klein, M. H. and Klein, M. and Klein, U. and Kleinknecht, K. and Klimek, P. and Klimentov, A. and Klingenberg, R. and Klingl, T. and Klioutchnikova, T. and Kluge, E.-E. and Kluit, P. and Kluth, S. and Kneringer, E. and Knoops, E. B. F. G. and Knue, A. and Kobayashi, A. and Kobayashi, D. and Kobayashi, T. and Kobel, M. and Kocian, M. and Kodys, P. and Koffas, T. and Koffeman, E. and K{\"{o}}hler, N. M. and Koi, T. and Kolb, M. and Koletsou, I. and Komar, A. A. and Komori, Y. and Kondo, T. and Kondrashova, N. and K{\"{o}}neke, K. and K{\"{o}}nig, A. C. and Kono, T. and Konoplich, R. and Konstantinidis, N. and Kopeliansky, R. and Koperny, S. and Kopp, A. K. and Korcyl, K. and Kordas, K. and Korn, A. and Korol, A. A. and Korolkov, I. and Korolkova, E. V. and Kortner, O. and Kortner, S. and Kosek, T. and Kostyukhin, V. V. and Kotwal, A. and Koulouris, A. and Kourkoumeli-Charalampidi, A. and Kourkoumelis, C. and Kourlitis, E. and Kouskoura, V. and Kowalewska, A. B. and Kowalewski, R. and Kowalski, T. Z. and Kozakai, C. and Kozanecki, W. and Kozhin, A. S. and Kramarenko, V. A. and Kramberger, G. and Krasnopevtsev, D. and Krasny, M. W. and Krasznahorkay, A. and Krauss, D. and Kremer, J. A. and Kretzschmar, J. and Kreutzfeldt, K. and Krieger, P. and Krizka, K. and Kroeninger, K. and Kroha, H. and Kroll, J. and Kroll, J. and Kroseberg, J. and Krstic, J. and Kruchonak, U. and Kr{\"{u}}ger, H. and Krumnack, N. and Kruse, M. C. and Kubota, T. and Kucuk, H. and Kuday, S. and Kuechler, J. T. and Kuehn, S. and Kugel, A. and Kuger, F. and Kuhl, T. and Kukhtin, V. and Kukla, R. and Kulchitsky, Y. and Kuleshov, S. and Kulinich, Y. P. and Kuna, M. and Kunigo, T. and Kupco, A. and Kupfer, T. and Kuprash, O. and Kurashige, H. and Kurchaninov, L. L. and Kurochkin, Y. A. and Kurth, M. G. and Kus, V. and Kuwertz, E. S. and Kuze, M. and Kvita, J. and Kwan, T. and Kyriazopoulos, D. and Rosa, A. La and Navarro, J. L. La Rosa and Rotonda, L. La and Lacasta, C. and Lacava, F. and Lacey, J. and Lacker, H. and Lacour, D. and Ladygin, E. and Lafaye, R. and Laforge, B. and Lagouri, T. and Lai, S. and Lammers, S. and Lampl, W. and Lan{\c{c}}on, E. and Landgraf, U. and Landon, M. P. J. and Lanfermann, M. C. and Lang, V. S. and Lange, J. C. and Langenberg, R. J. and Lankford, A. J. and Lanni, F. and Lantzsch, K. and Lanza, A. and Lapertosa, A. and Laplace, S. and Laporte, J. F. and Lari, T. and Manghi, F. Lasagni and Lassnig, M. and Laurelli, P. and Lavrijsen, W. and Law, A. T. and Laycock, P. and Lazovich, T. and Lazzaroni, M. and Le, B. and Dortz, O. Le and Guirriec, E. Le and Quilleuc, E. P. Le and LeBlanc, M. and LeCompte, T. and Ledroit-Guillon, F. and Lee, C. A. and Lee, G. R. and Lee, S. C. and Lee, L. and Lefebvre, B. and Lefebvre, G. and Lefebvre, M. and Legger, F. and Leggett, C. and Lehan, A. and Miotto, G. Lehmann and Lei, X. and Leight, W. A. and Leite, M. A. L. and Leitner, R. and Lellouch, D. and Lemmer, B. and Leney, K. J. C. and Lenz, T. and Lenzi, B. and Leone, R. and Leone, S. and Leonidopoulos, C. and Lerner, G. and Leroy, C. and Lesage, A. A. J. and Lester, C. G. and Levchenko, M. and Lev{\^{e}}que, J. and Levin, D. and Levinson, L. J. and Levy, M. and Lewis, D. and Li, B. and Li, H. and Li, L. and Li, Q. and Li, S. and Li, X. and Li, Y. and Liang, Z. and Liberti, B. and Liblong, A. and Lie, K. and Liebal, J. and Liebig, W. and Limosani, A. and Lin, S. C. and Lin, T. H. and Lindquist, B. E. and Lionti, A. E. and Lipeles, E. and Lipniacka, A. and Lisovyi, M. and Liss, T. M. and Lister, A. and Litke, A. M. and Liu, B. and Liu, H. and Liu, H. and Liu, J. K. K. and Liu, J. and Liu, J. B. and Liu, K. and Liu, L. and Liu, M. and Liu, Y. L. and Liu, Y. and Livan, M. and Lleres, A. and Merino, J. Llorente and Lloyd, S. L. and Lo, C. Y. and Sterzo, F. Lo and Lobodzinska, E. M. and Loch, P. and Loebinger, F. K. and Loesle, A. and Loew, K. M. and Loginov, A. and Lohse, T. and Lohwasser, K. and Lokajicek, M. and Long, B. A. and Long, J. D. and Long, R. E. and Longo, L. and Looper, K. A. and Lopez, J. A. and Mateos, D. Lopez and Paz, I. Lopez and Solis, A. Lopez and Lorenz, J. and Martinez, N. Lorenzo and Losada, M. and L{\"{o}}sel, P. J. and Lou, X. and Lounis, A. and Love, J. and Love, P. A. and Lu, H. and Lu, N. and Lu, Y. J. and Lubatti, H. J. and Luci, C. and Lucotte, A. and Luedtke, C. and Luehring, F. and Lukas, W. and Luminari, L. and Lundberg, O. and Lund-Jensen, B. and Luzi, P. M. and Lynn, D. and Lysak, R. and Lytken, E. and Lyubushkin, V. and Ma, H. and Ma, L. L. and Ma, Y. and Maccarrone, G. and Macchiolo, A. and Macdonald, C. M. and Ma{\v{c}}ek, B. and Miguens, J. Machado and Madaffari, D. and Madar, R. and Mader, W. F. and Madsen, A. and Maeda, J. and Maeland, S. and Maeno, T. and Maevskiy, A. S. and Magerl, V. and Mahlstedt, J. and Maiani, C. and Maidantchik, C. and Maier, A. A. and Maier, T. and Maio, A. and Majersky, O. and Majewski, S. and Makida, Y. and Makovec, N. and Malaescu, B. and Malecki, Pa. and Maleev, V. P. and Malek, F. and Mallik, U. and Malon, D. and Malone, C. and Maltezos, S. and Malyukov, S. and Mamuzic, J. and Mancini, G. and Mandelli, L. and Mandi{\'{c}}, I. and Maneira, J. and Filho, L. Manhaes de Andrade and Ramos, J. Manjarres and Mann, A. and Manousos, A. and Mansoulie, B. and Mansour, J. D. and Mantifel, R. and Mantoani, M. and Manzoni, S. and Mapelli, L. and Marceca, G. and March, L. and Marchese, L. and Marchiori, G. and Marcisovsky, M. and Marjanovic, M. and Marley, D. E. and Marroquim, F. and Marsden, S. P. and Marshall, Z. and Martensson, M. U. F and Marti-Garcia, S. and Martin, C. B. and Martin, T. A. and Martin, V. J. and Latour, B. Martin dit and Martinez, M. and Outschoorn, V. I. Martinez and Martin-Haugh, S. and Martoiu, V. S. and Martyniuk, A. C. and Marzin, A. and Masetti, L. and Mashimo, T. and Mashinistov, R. and Masik, J. and Maslennikov, A. L. and Massa, L. and Mastrandrea, P. and Mastroberardino, A. and Masubuchi, T. and M{\"{a}}ttig, P. and Maurer, J. and Maxfield, S. J. and Maximov, D. A. and Mazini, R. and Maznas, I. and Mazza, S. M. and Fadden, N. C. Mc and Goldrick, G. Mc and Kee, S. P. Mc and McCarn, A. and McCarthy, R. L. and McCarthy, T. G. and McClymont, L. I. and McDonald, E. F. and Mcfayden, J. A. and Mchedlidze, G. and McMahon, S. J. and McNamara, P. C. and McPherson, R. A. and Meehan, S. and Megy, T. J. and Mehlhase, S. and Mehta, A. and Meideck, T. and Meier, K. and Meirose, B. and Melini, D. and Garcia, B. R. Mellado and Mellenthin, J. D. and Melo, M. and Meloni, F. and Menary, S. B. and Meng, L. and Meng, X. T. and Mengarelli, A. and Menke, S. and Meoni, E. and Mergelmeyer, S. and Mermod, P. and Merola, L. and Meroni, C. and Merritt, F. S. and Messina, A. and Metcalfe, J. and Mete, A. S. and Meyer, C. and Meyer, J.-P. and Meyer, J. and Theenhausen, H. Meyer Zu and Miano, F. and Middleton, R. P. and Miglioranzi, S. and Mijovi{\'{c}}, L. and Mikenberg, G. and Mikestikova, M. and Miku{\v{z}}, M. and Milesi, M. and Milic, A. and Miller, D. W. and Mills, C. and Milov, A. and Milstead, D. A. and Minaenko, A. A. and Minami, Y. and Minashvili, I. A. and Mincer, A. I. and Mindur, B. and Mineev, M. and Minegishi, Y. and Ming, Y. and Mir, L. M. and Mistry, K. P. and Mitani, T. and Mitrevski, J. and Mitsou, V. A. and Miucci, A. and Miyagawa, P. S. and Mizukami, A. and Mj{\"{o}}rnmark, J. U. and Mkrtchyan, T. and Mlynarikova, M. and Moa, T. and Mochizuki, K. and Mogg, P. and Mohapatra, S. and Molander, S. and Moles-Valls, R. and Monden, R. and Mondragon, M. C. and M{\"{o}}nig, K. and Monk, J. and Monnier, E. and Montalbano, A. and Berlingen, J. Montejo and Monticelli, F. and Monzani, S. and Moore, R. W. and Morange, N. and Moreno, D. and Ll{\'{a}}cer, M. Moreno and Morettini, P. and Morgenstern, S. and Mori, D. and Mori, T. and Morii, M. and Morinaga, M. and Morisbak, V. and Morley, A. K. and Mornacchi, G. and Morris, J. D. and Morvaj, L. and Moschovakos, P. and Mosidze, M. and Moss, H. J. and Moss, J. and Motohashi, K. and Mount, R. and Mountricha, E. and Moyse, E. J. W. and Muanza, S. and Mudd, R. D. and Mueller, F. and Mueller, J. and Mueller, R. S. P. and Muenstermann, D. and Mullen, P. and Mullier, G. A. and Sanchez, F. J. Munoz and Murray, W. J. and Musheghyan, H. and Mu{\v{s}}kinja, M. and Myagkov, A. G. and Myska, M. and Nachman, B. P. and Nackenhorst, O. and Nagai, K. and Nagai, R. and Nagano, K. and Nagasaka, Y. and Nagata, K. and Nagel, M. and Nagy, E. and Nairz, A. M. and Nakahama, Y. and Nakamura, K. and Nakamura, T. and Nakano, I. and Garcia, R. F. Naranjo and Narayan, R. and Villar, D. I. Narrias and Naryshkin, I. and Naumann, T. and Navarro, G. and Nayyar, R. and Neal, H. A. and Nechaeva, P. Yu. and Neep, T. J. and Negri, A. and Negrini, M. and Nektarijevic, S. and Nellist, C. and Nelson, A. and Nelson, M. E. and Nemecek, S. and Nemethy, P. and Nessi, M. and Neubauer, M. S. and Neumann, M. and Newman, P. R. and Ng, T. Y. and Manh, T. Nguyen and Nickerson, R. B. and Nicolaidou, R. and Nielsen, J. and Nikolaenko, V. and Nikolic-Audit, I. and Nikolopoulos, K. and Nilsen, J. K. and Nilsson, P. and Ninomiya, Y. and Nisati, A. and Nishu, N. and Nisius, R. and Nitsche, I. and Nobe, T. and Noguchi, Y. and Nomachi, M. and Nomidis, I. and Nomura, M. A. and Nooney, T. and Nordberg, M. and Norjoharuddeen, N. and Novgorodova, O. and Nowak, S. and Nozaki, M. and Nozka, L. and Ntekas, K. and Nurse, E. and Nuti, F. and O’connor, K. and O’Neil, D. C. and O’Rourke, A. A. and O’Shea, V. and Oakham, F. G. and Oberlack, H. and Obermann, T. and Ocariz, J. and Ochi, A. and Ochoa, I. and Ochoa-Ricoux, J. P. and Oda, S. and Odaka, S. and Ogren, H. and Oh, A. and Oh, S. H. and Ohm, C. C. and Ohman, H. and Oide, H. and Okawa, H. and Okumura, Y. and Okuyama, T. and Olariu, A. and Seabra, L. F. Oleiro and Pino, S. A. Olivares and Damazio, D. Oliveira and Olszewski, A. and Olszowska, J. and Onofre, A. and Onogi, K. and Onyisi, P. U. E. and Oppen, H. and Oreglia, M. J. and Oren, Y. and Orestano, D. and Orlando, N. and Orr, R. S. and Osculati, B. and Ospanov, R. and Garzon, G. Otero y and Otono, H. and Ouchrif, M. and Ould-Saada, F. and Ouraou, A. and Oussoren, K. P. and Ouyang, Q. and Owen, M. and Owen, R. E. and Ozcan, V. E. and Ozturk, N. and Pachal, K. and Pages, A. Pacheco and Rodriguez, L. Pacheco and Aranda, C. Padilla and Griso, S. Pagan and Paganini, M. and Paige, F. and Palacino, G. and Palazzo, S. and Palestini, S. and Palka, M. and Pallin, D. and Panagiotopoulou, E. St. and Panagoulias, I. and Pandini, C. E. and Vazquez, J. G. Panduro and Pani, P. and Panitkin, S. and Pantea, D. and Paolozzi, L. and Papadopoulou, Th. D. and Papageorgiou, K. and Paramonov, A. and Hernandez, D. Paredes and Parker, A. J. and Parker, M. A. and Parker, K. A. and Parodi, F. and Parsons, J. A. and Parzefall, U. and Pascuzzi, V. R. and Pasner, J. M. and Pasqualucci, E. and Passaggio, S. and Pastore, Fr. and Pataraia, S. and Pater, J. R. and Pauly, T. and Pearson, B. and Lopez, S. Pedraza and Pedro, R. and Peleganchuk, S. V. and Penc, O. and Peng, C. and Peng, H. and Penwell, J. and Peralva, B. S. and Perego, M. M. and Perepelitsa, D. V. and Perini, L. and Pernegger, H. and Perrella, S. and Peschke, R. and Peshekhonov, V. D. and Peters, K. and Peters, R. F. Y. and Petersen, B. A. and Petersen, T. C. and Petit, E. and Petridis, A. and Petridou, C. and Petroff, P. and Petrolo, E. and Petrov, M. and Petrucci, F. and Pettersson, N. E. and Peyaud, A. and Pezoa, R. and Phillips, F. H. and Phillips, P. W. and Piacquadio, G. and Pianori, E. and Picazio, A. and Piccaro, E. and Pickering, M. A. and Piegaia, R. and Pilcher, J. E. and Pilkington, A. D. and Pin, A. W. J. and Pinamonti, M. and Pinfold, J. L. and Pirumov, H. and Pitt, M. and Plazak, L. and Pleier, M.-A. and Pleskot, V. and Plotnikova, E. and Pluth, D. and Podberezko, P. and Poettgen, R. and Poggi, R. and Poggioli, L. and Pohl, D. and Polesello, G. and Poley, A. and Policicchio, A. and Polifka, R. and Polini, A. and Pollard, C. S. and Polychronakos, V. and Pomm{\`{e}}s, K. and Ponomarenko, D. and Pontecorvo, L. and Pope, B. G. and Popeneciu, G. A. and Poppleton, A. and Pospisil, S. and Potamianos, K. and Potrap, I. N. and Potter, C. J. and Poulard, G. and Poulsen, T. and Poveda, J. and Astigarraga, M. E. Pozo and Pralavorio, P. and Pranko, A. and Prell, S. and Price, D. and Price, L. E. and Primavera, M. and Prince, S. and Proklova, N. and Prokofiev, K. and Prokoshin, F. and Protopopescu, S. and Proudfoot, J. and Przybycien, M. and Puri, A. and Puzo, P. and Qian, J. and Qin, G. and Qin, Y. and Quadt, A. and Queitsch-Maitland, M. and Quilty, D. and Raddum, S. and Radeka, V. and Radescu, V. and Radhakrishnan, S. K. and Radloff, P. and Rados, P. and Ragusa, F. and Rahal, G. and Raine, J. A. and Rajagopalan, S. and Rangel-Smith, C. and Rashid, T. and Raspopov, S. and Ratti, M. G. and Rauch, D. M. and Rauscher, F. and Rave, S. and Ravinovich, I. and Rawling, J. H. and Raymond, M. and Read, A. L. and Readioff, N. P. and Reale, M. and Rebuzzi, D. M. and Redelbach, A. and Redlinger, G. and Reece, R. and Reed, R. G. and Reeves, K. and Rehnisch, L. and Reichert, J. and Reiss, A. and Rembser, C. and Ren, H. and Rescigno, M. and Resconi, S. and Resseguie, E. D. and Rettie, S. and Reynolds, E. and Rezanova, O. L. and Reznicek, P. and Rezvani, R. and Richter, R. and Richter, S. and Richter-Was, E. and Ricken, O. and Ridel, M. and Rieck, P. and Riegel, C. J. and Rieger, J. and Rifki, O. and Rijssenbeek, M. and Rimoldi, A. and Rimoldi, M. and Rinaldi, L. and Ripellino, G. and Risti{\'{c}}, B. and Ritsch, E. and Riu, I. and Rizatdinova, F. and Rizvi, E. and Rizzi, C. and Roberts, R. T. and Robertson, S. H. and Robichaud-Veronneau, A. and Robinson, D. and Robinson, J. E. M. and Robson, A. and Rocco, E. and Roda, C. and Rodina, Y. and Bosca, S. Rodriguez and Perez, A. Rodriguez and Rodriguez, D. Rodriguez and Roe, S. and Rogan, C. S. and R{\o}hne, O. and Roloff, J. and Romaniouk, A. and Romano, M. and Saez, S. M. Romano and Adam, E. Romero and Rompotis, N. and Ronzani, M. and Roos, L. and Rosati, S. and Rosbach, K. and Rose, P. and Rosien, N.-A. and Rossi, E. and Rossi, L. P. and Rosten, J. H. N. and Rosten, R. and Rotaru, M. and Roth, I. and Rothberg, J. and Rousseau, D. and Rozanov, A. and Rozen, Y. and Ruan, X. and Rubbo, F. and R{\"{u}}hr, F. and Ruiz-Martinez, A. and Rurikova, Z. and Rusakovich, N. A. and Russell, H. L. and Rutherfoord, J. P. and Ruthmann, N. and Ryabov, Y. F. and Rybar, M. and Rybkin, G. and Ryu, S. and Ryzhov, A. and Rzehorz, G. F. and Saavedra, A. F. and Sabato, G. and Sacerdoti, S. and Sadrozinski, H.F.-W. and Sadykov, R. and Tehrani, F. Safai and Saha, P. and Sahinsoy, M. and Saimpert, M. and Saito, M. and Saito, T. and Sakamoto, H. and Sakurai, Y. and Salamanna, G. and Loyola, J. E. Salazar and Salek, D. and Bruin, P. H. Sales De and Salihagic, D. and Salnikov, A. and Salt, J. and Salvatore, D. and Salvatore, F. and Salvucci, A. and Salzburger, A. and Sammel, D. and Sampsonidis, D. and Sampsonidou, D. and S{\'{a}}nchez, J. and Martinez, V. Sanchez and Pineda, A. Sanchez and Sandaker, H. and Sandbach, R. L. and Sander, C. O. and Sandhoff, M. and Sandoval, C. and Sankey, D. P. C. and Sannino, M. and Sansoni, A. and Santoni, C. and Santonico, R. and Santos, H. and Castillo, I. Santoyo and Sapronov, A. and Saraiva, J. G. and Sarrazin, B. and Sasaki, O. and Sato, K. and Sauvan, E. and Savage, G. and Savard, P. and Savic, N. and Sawyer, C. and Sawyer, L. and Saxon, J. and Sbarra, C. and Sbrizzi, A. and Scanlon, T. and Scannicchio, D. A. and Scarcella, M. and Scarfone, V. and Schaarschmidt, J. and Schacht, P. and Schachtner, B. M. and Schaefer, D. and Schaefer, L. and Schaefer, R. and Schaeffer, J. and Schaepe, S. and Schaetzel, S. and Sch{\"{a}}fer, U. and Schaffer, A. C. and Schaile, D. and Schamberger, R. D. and Scharf, V. and Schegelsky, V. A. and Scheirich, D. and Schernau, M. and Schiavi, C. and Schier, S. and Schildgen, L. K. and Schillo, C. and Schioppa, M. and Schlenker, S. and Schmidt-Sommerfeld, K. R. and Schmieden, K. and Schmitt, C. and Schmitt, S. and Schmitz, S. and Schnoor, U. and Schoeffel, L. and Schoening, A. and Schoenrock, B. D. and Schopf, E. and Schott, M. and Schouwenberg, J. F. P. and Schovancova, J. and Schramm, S. and Schuh, N. and Schulte, A. and Schultens, M. J. and Schultz-Coulon, H.-C. and Schulz, H. and Schumacher, M. and Schumm, B. A. and Schune, Ph. and Schwartzman, A. and Schwarz, T. A. and Schweiger, H. and Schwemling, Ph. and Schwienhorst, R. and Schwindling, J. and Sciandra, A. and Sciolla, G. and Scuri, F. and Scutti, F. and Searcy, J. and Seema, P. and Seidel, S. C. and Seiden, A. and Seixas, J. M. and Sekhniaidze, G. and Sekhon, K. and Sekula, S. J. and Semprini-Cesari, N. and Senkin, S. and Serfon, C. and Serin, L. and Serkin, L. and Sessa, M. and Seuster, R. and Severini, H. and Sfiligoj, T. and Sforza, F. and Sfyrla, A. and Shabalina, E. and Shaikh, N. W. and Shan, L. Y. and Shang, R. and Shank, J. T. and Shapiro, M. and Shatalov, P. B. and Shaw, K. and Shaw, S. M. and Shcherbakova, A. and Shehu, C. Y. and Shen, Y. and Sherafati, N. and Sherwood, P. and Shi, L. and Shimizu, S. and Shimmin, C. O. and Shimojima, M. and Shipsey, I. P. J. and Shirabe, S. and Shiyakova, M. and Shlomi, J. and Shmeleva, A. and Saadi, D. Shoaleh and Shochet, M. J. and Shojaii, S. and Shope, D. R. and Shrestha, S. and Shulga, E. and Shupe, M. A. and Sicho, P. and Sickles, A. M. and Sidebo, P. E. and Haddad, E. Sideras and Sidiropoulou, O. and Sidoti, A. and Siegert, F. and Sijacki, Dj. and Silva, J. and Silverstein, S. B. and Simak, V. and Simic, Lj. and Simion, S. and Simioni, E. and Simmons, B. and Simon, M. and Sinervo, P. and Sinev, N. B. and Sioli, M. and Siragusa, G. and Siral, I. and Sivoklokov, S. Yu. and Sj{\"{o}}lin, J. and Skinner, M. B. and Skubic, P. and Slater, M. and Slavicek, T. and Slawinska, M. and Sliwa, K. and Slovak, R. and Smakhtin, V. and Smart, B. H. and Smiesko, J. and Smirnov, N. and Smirnov, S. Yu. and Smirnov, Y. and Smirnova, L. N. and Smirnova, O. and Smith, J. W. and Smith, M. N. K. and Smith, R. W. and Smizanska, M. and Smolek, K. and Snesarev, A. A. and Snyder, I. M. and Snyder, S. and Sobie, R. and Socher, F. and Soffer, A. and S{\o}gaard, A. and Soh, D. A. and Sokhrannyi, G. and Sanchez, C. A. Solans and Solar, M. and Soldatov, E. Yu. and Soldevila, U. and Solodkov, A. A. and Soloshenko, A. and Solovyanov, O. V. and Solovyev, V. and Sommer, P. and Son, H. and Sopczak, A. and Sosa, D. and Sotiropoulou, C. L. and Soualah, R. and Soukharev, A. M. and South, D. and Sowden, B. C. and Spagnolo, S. and Spalla, M. and Spangenberg, M. and Span{\`{o}}, F. and Sperlich, D. and Spettel, F. and Spieker, T. M. and Spighi, R. and Spigo, G. and Spiller, L. A. and Spousta, M. and Denis, R. D. St. and Stabile, A. and Stamen, R. and Stamm, S. and Stanecka, E. and Stanek, R. W. and Stanescu, C. and Stanitzki, M. M. and Stapf, B. S. and Stapnes, S. and Starchenko, E. A. and Stark, G. H. and Stark, J. and Stark, S. H and Staroba, P. and Starovoitov, P. and St{\"{a}}rz, S. and Staszewski, R. and Steinberg, P. and Stelzer, B. and Stelzer, H. J. and Stelzer-Chilton, O. and Stenzel, H. and Stewart, G. A. and Stockton, M. C. and Stoebe, M. and Stoicea, G. and Stolte, P. and Stonjek, S. and Stradling, A. R. and Straessner, A. and Stramaglia, M. E. and Strandberg, J. and Strandberg, S. and Strauss, M. and Strizenec, P. and Str{\"{o}}hmer, R. and Strom, D. M. and Stroynowski, R. and Strubig, A. and Stucci, S. A. and Stugu, B. and Styles, N. A. and Su, D. and Su, J. and Suchek, S. and Sugaya, Y. and Suk, M. and Sulin, V. V. and Sultan, DMS and Sultansoy, S. and Sumida, T. and Sun, S. and Sun, X. and Suruliz, K. and Suster, C. J. E. and Sutton, M. R. and Suzuki, S. and Svatos, M. and Swiatlowski, M. and Swift, S. P. and Sykora, I. and Sykora, T. and Ta, D. and Tackmann, K. and Taenzer, J. and Taffard, A. and Tafirout, R. and Tahirovic, E. and Taiblum, N. and Takai, H. and Takashima, R. and Takasugi, E. H. and Takeshita, T. and Takubo, Y. and Talby, M. and Talyshev, A. A. and Tanaka, J. and Tanaka, M. and Tanaka, R. and Tanaka, S. and Tanioka, R. and Tannenwald, B. B. and Araya, S. Tapia and Tapprogge, S. and Tarem, S. and Tartarelli, G. F. and Tas, P. and Tasevsky, M. and Tashiro, T. and Tassi, E. and Delgado, A. Tavares and Tayalati, Y. and Taylor, A. C. and Taylor, G. N. and Taylor, P. T. E. and Taylor, W. and Teixeira-Dias, P. and Temple, D. and Kate, H. Ten and Teng, P. K. and Teoh, J. J. and Tepel, F. and Terada, S. and Terashi, K. and Terron, J. and Terzo, S. and Testa, M. and Teuscher, R. J. and Theveneaux-Pelzer, T. and Thomas, J. P. and Thomas-Wilsker, J. and Thompson, P. D. and Thompson, A. S. and Thomsen, L. A. and Thomson, E. and Tibbetts, M. J. and Torres, R. E. Ticse and Tikhomirov, V. O. and Tikhonov, Yu. A. and Timoshenko, S. and Tipton, P. and Tisserant, S. and Todome, K. and Todorova-Nova, S. and Tojo, J. and Tok{\'{a}}r, S. and Tokushuku, K. and Tolley, E. and Tomlinson, L. and Tomoto, M. and Tompkins, L. and Toms, K. and Tong, B. and Tornambe, P. and Torrence, E. and Torres, H. and Pastor, E. Torró and Toth, J. and Touchard, F. and Tovey, D. R. and Treado, C. J. and Trefzger, T. and Tresoldi, F. and Tricoli, A. and Trigger, I. M. and Trincaz-Duvoid, S. and Tripiana, M. F. and Trischuk, W. and Trocm{\'{e}}, B. and Trofymov, A. and Troncon, C. and Trottier-McDonald, M. and Trovatelli, M. and Truong, L. and Trzebinski, M. and Trzupek, A. and Tsang, K. W. and Tseng, J.C.-L. and Tsiareshka, P. V. and Tsipolitis, G. and Tsirintanis, N. and Tsiskaridze, S. and Tsiskaridze, V. and Tskhadadze, E. G. and Tsui, K. M. and Tsukerman, I. I. and Tsulaia, V. and Tsuno, S. and Tsybychev, D. and Tu, Y. and Tudorache, A. and Tudorache, V. and Tulbure, T. T. and Tuna, A. N. and Tupputi, S. A. and Turchikhin, S. and Turgeman, D. and Cakir, I. Turk and Turra, R. and Tuts, P. M. and Ucchielli, G. and Ueda, I. and Ughetto, M. and Ukegawa, F. and Unal, G. and Undrus, A. and Unel, G. and Ungaro, F. C. and Unno, Y. and Unverdorben, C. and Urban, J. and Urquijo, P. and Urrejola, P. and Usai, G. and Usui, J. and Vacavant, L. and Vacek, V. and Vachon, B. and Vadla, K. O. H. and Vaidya, A. and Valderanis, C. and Santurio, E. Valdes and Valente, M. and Valentinetti, S. and Valero, A. and Val{\'{e}}ry, L. and Valkar, S. and Vallier, A. and Ferrer, J. A. Valls and Wollenberg, W. Van Den and Graaf, H. van der and Gemmeren, P. van and Nieuwkoop, J. Van and Vulpen, I. van and Woerden, M. C. van and Vanadia, M. and Vandelli, W. and Vaniachine, A. and Vankov, P. and Vardanyan, G. and Vari, R. and Varnes, E. W. and Varni, C. and Varol, T. and Varouchas, D. and Vartapetian, A. and Varvell, K. E. and Vasquez, J. G. and Vasquez, G. A. and Vazeille, F. and Schroeder, T. Vazquez and Veatch, J. and Veeraraghavan, V. and Veloce, L. M. and Veloso, F. and Veneziano, S. and Ventura, A. and Venturi, M. and Venturi, N. and Venturini, A. and Vercesi, V. and Verducci, M. and Verkerke, W. and Vermeulen, A. T. and Vermeulen, J. C. and Vetterli, M. C. and Maira, N. Viaux and Viazlo, O. and Vichou, I. and Vickey, T. and Boeriu, O. E. Vickey and Viehhauser, G. H. A. and Viel, S. and Vigani, L. and Villa, M. and Perez, M. Villaplana and Vilucchi, E. and Vincter, M. G. and Vinogradov, V. B. and Vishwakarma, A. and Vittori, C. and Vivarelli, I. and Vlachos, S. and Vlasak, M. and Vogel, M. and Vokac, P. and Volpi, G. and Schmitt, H. von der and Toerne, E. von and Vorobel, V. and Vorobev, K. and Vos, M. and Voss, R. and Vossebeld, J. H. and Vranjes, N. and Milosavljevic, M. Vranjes and Vrba, V. and Vreeswijk, M. and Vuillermet, R. and Vukotic, I. and Wagner, P. and Wagner, W. and Wagner-Kuhr, J. and Wahlberg, H. and Wahrmund, S. and Wakabayashi, J. and Walder, J. and Walker, R. and Walkowiak, W. and Wallangen, V. and Wang, C. and Wang, C. and Wang, F. and Wang, H. and Wang, H. and Wang, J. and Wang, J. and Wang, Q. and Wang, R. and Wang, S. M. and Wang, T. and Wang, W. and Wang, W. and Wang, Z. and Wanotayaroj, C. and Warburton, A. and Ward, C. P. and Wardrope, D. R. and Washbrook, A. and Watkins, P. M. and Watson, A. T. and Watson, M. F. and Watts, G. and Watts, S. and Waugh, B. M. and Webb, A. F. and Webb, S. and Weber, M. S. and Weber, S. W. and Weber, S. A. and Webster, J. S. and Weidberg, A. R. and Weinert, B. and Weingarten, J. and Weirich, M. and Weiser, C. and Weits, H. and Wells, P. S. and Wenaus, T. and Wengler, T. and Wenig, S. and Wermes, N. and Werner, M. D. and Werner, P. and Wessels, M. and Weston, T. D. and Whalen, K. and Whallon, N. L. and Wharton, A. M. and White, A. S. and White, A. and White, M. J. and White, R. and Whiteson, D. and Whitmore, B. W. and Wickens, F. J. and Wiedenmann, W. and Wielers, M. and Wiglesworth, C. and Wiik-Fuchs, L. A. M. and Wildauer, A. and Wilk, F. and Wilkens, H. G. and Williams, H. H. and Williams, S. and Willis, C. and Willocq, S. and Wilson, J. A. and Wingerter-Seez, I. and Winkels, E. and Winklmeier, F. and Winston, O. J. and Winter, B. T. and Wittgen, M. and Wobisch, M. and Wolf, T. M. H. and Wolff, R. and Wolter, M. W. and Wolters, H. and Wong, V. W. S. and Worm, S. D. and Wosiek, B. K. and Wotschack, J. and Wozniak, K. W. and Wu, M. and Wu, S. L. and Wu, X. and Wu, Y. and Wyatt, T. R. and Wynne, B. M. and Xella, S. and Xi, Z. and Xia, L. and Xu, D. and Xu, L. and Yabsley, B. and Yacoob, S. and Yamaguchi, D. and Yamaguchi, Y. and Yamamoto, A. and Yamamoto, S. and Yamanaka, T. and Yamatani, M. and Yamauchi, K. and Yamazaki, Y. and Yan, Z. and Yang, H. and Yang, H. and Yang, Y. and Yang, Z. and Yao, W.-M. and Yap, Y. C. and Yasu, Y. and Yatsenko, E. and Wong, K. H. Yau and Ye, J. and Ye, S. and Yeletskikh, I. and Yigitbasi, E. and Yildirim, E. and Yorita, K. and Yoshihara, K. and Young, C. and Young, C. J. S. and Yu, J. and Yu, J. and Yuen, S. P. Y. and Yusuff, I. and Zabinski, B. and Zacharis, G. and Zaidan, R. and Zaitsev, A. M. and Zakharchuk, N. and Zalieckas, J. and Zaman, A. and Zambito, S. and Zanzi, D. and Zeitnitz, C. and Zemaityte, G. and Zemla, A. and Zeng, J. C. and Zeng, Q. and Zenin, O. and {\v{Z}}eni{\v{s}}, T. and Zerwas, D. and Zhang, D. and Zhang, F. and Zhang, G. and Zhang, H. and Zhang, J. and Zhang, L. and Zhang, L. and Zhang, M. and Zhang, P. and Zhang, R. and Zhang, R. and Zhang, X. and Zhang, Y. and Zhang, Z. and Zhao, X. and Zhao, Y. and Zhao, Z. and Zhemchugov, A. and Zhou, B. and Zhou, C. and Zhou, L. and Zhou, M. and Zhou, M. and Zhou, N. and Zhu, C. G. and Zhu, H. and Zhu, J. and Zhu, Y. and Zhuang, X. and Zhukov, K. and Zibell, A. and Zieminska, D. and Zimine, N. I. and Zimmermann, C. and Zimmermann, S. and Zinonos, Z. and Zinser, M. and Ziolkowski, M. and {\v{Z}}ivkovi{\'{c}}, L. and Zobernig, G. and Zoccoli, A. and Zou, R. and Nedden, M. zur and Zwalinski, L. and Collaboration, ATLAS},
    number = {10},
    pages = {673},
    volume = {77},
    publisher = {Springer Berlin Heidelberg},
    url = {https://link.springer.com/article/10.1140%2Fepjc%2Fs10052-017-5225-7},
    doi = {10.1140/epjc/s10052-017-5225-7},
    issn = {1434-6044}
}

@article{Economou2012PeriodicPalate,
    title = {{Periodic stripe formation by a Turing mechanism operating at growth zones in the mammalian palate}},
    year = {2012},
    journal = {Nature Genetics},
    author = {Economou, Andrew D and Ohazama, Atsushi and Porntaveetus, Thantrira and Sharpe, Paul T and Kondo, Shigeru and Basson, M Albert and Gritli-Linde, Amel and Cobourne, Martyn T and Green, Jeremy B A},
    number = {3},
    month = {3},
    pages = {348--351},
    volume = {44},
    url = {http://www.nature.com/articles/ng.1090},
    doi = {10.1038/ng.1090},
    issn = {1061-4036}
}

@article{HahnloserPermittedNetworks,
    title = {{Permitted and Forbidden Sets in Symmetric Threshold-Linear Networks}},
    author = {Hahnloser, Richard H R and Seung, H Sebastian},
    url = {https://papers.nips.cc/paper/1793-permitted-and-forbidden-sets-in-symmetric-threshold-linear-networks.pdf}
}

@article{Oord2016PixelNetworks,
    title = {{Pixel Recurrent Neural Networks}},
    year = {2016},
    author = {Oord, Aaron van den and Kalchbrenner, Nal and Kavukcuoglu, Koray},
    month = {1},
    url = {http://arxiv.org/abs/1601.06759},
    arxivId = {1601.06759}
}

@article{Zhang2017PredictingSequence,
    title = {{Predicting DNA hybridization kinetics from sequence}},
    year = {2017},
    journal = {Nature Chemistry},
    author = {Zhang, Jinny X. and Fang, John Z. and Duan, Wei and Wu, Lucia R. and Zhang, Angela W. and Dalchau, Neil and Yordanov, Boyan and Petersen, Rasmus and Phillips, Andrew and Zhang, David Yu},
    number = {1},
    month = {11},
    pages = {91--98},
    volume = {10},
    publisher = {Nature Publishing Group},
    url = {http://www.nature.com/doifinder/10.1038/nchem.2877},
    doi = {10.1038/nchem.2877},
    issn = {1755-4330},
    keywords = {Computational biophysics, Computational chemistry, DNA, Reaction kinetics and dynamics}
}

@article{Davis2018ProbabilisticSystems,
    title = {{Probabilistic Inference for Dynamical Systems}},
    year = {2018},
    author = {Davis, Sergio and Gonz{\'{a}}lez, Diego and Guti{\'{e}}rrez, Gonzalo},
    month = {5},
    publisher = {Preprints},
    url = {https://www.preprints.org/manuscript/201805.0028/v1},
    doi = {10.20944/PREPRINTS201805.0028.V1},
    keywords = {fluids, inference, maximum caliber, maximum entropy, path}
}

@article{vanRoekel2015ProgrammableApproach,
    title = {{Programmable chemical reaction networks: emulating regulatory functions in living cells using a bottom-up approach}},
    year = {2015},
    journal = {Chemical Society Reviews},
    author = {van Roekel, Hendrik W. H. and Rosier, Bas J. H. M. and Meijer, Lenny H. H. and Hilbers, Peter A. J. and Markvoort, Albert J. and Huck, Wilhelm T. S. and de Greef, Tom F. A.},
    number = {21},
    month = {10},
    pages = {7465--7483},
    volume = {44},
    publisher = {Royal Society of Chemistry},
    url = {http://xlink.rsc.org/?DOI=C5CS00361J},
    doi = {10.1039/C5CS00361J},
    issn = {0306-0012}
}

@incollection{Phillies2000ProjectionFormalism,
    title = {{Projection Operators and the Mori-Zwanzig Formalism}},
    year = {2000},
    author = {Phillies, George D.J.},
    pages = {347--364},
    publisher = {Springer, New York, NY},
    url = {http://link.springer.com/10.1007/978-1-4612-1264-5_32},
    doi = {10.1007/978-1-4612-1264-5{\_}32}
}

@article{Dupeux2015PropulsionRatchet,
    title = {{Propulsion on a superhydrophobic ratchet}},
    year = {2015},
    journal = {Scientific Reports},
    author = {Dupeux, Guillaume and Bourrianne, Philippe and Magdelaine, Quentin and Clanet, Christophe and Qu{\'{e}}r{\'{e}}, David},
    number = {1},
    month = {5},
    pages = {5280},
    volume = {4},
    publisher = {Nature Publishing Group},
    url = {http://www.nature.com/articles/srep05280},
    doi = {10.1038/srep05280},
    issn = {2045-2322},
    keywords = {Condensed, Mechanical engineering, matter physics}
}

@article{Baez2012QuantumMechanics,
    title = {{Quantum Techniques for Stochastic Mechanics}},
    year = {2012},
    author = {Baez, John C. and Biamonte, Jacob},
    month = {9},
    url = {http://arxiv.org/abs/1209.3632},
    arxivId = {1209.3632}
}

@article{Baez2013QuantumNetworks,
    title = {{Quantum Techniques for Studying Equilibrium in Reaction Networks}},
    year = {2013},
    author = {Baez, John C. and Fong, Brendan},
    month = {5},
    url = {http://arxiv.org/abs/1305.4988 http://dx.doi.org/10.1093/comnet/cnu013},
    doi = {10.1093/comnet/cnu013},
    arxivId = {1305.4988}
}

@article{CardyReaction-diffusionProcesses,
    title = {{Reaction-diffusion processes}},
    author = {Cardy, John},
    url = {http://www-thphys.physics.ox.ac.uk/people/JohnCardy/warwick.pdf}
}

@article{Harrington2015ReductionSystems,
    title = {{Reduction of dimension for nonlinear dynamical systems}},
    year = {2015},
    author = {Harrington, Heather A. and Van Gorder, Robert A.},
    month = {8},
    url = {http://arxiv.org/abs/1508.05921},
    arxivId = {1508.05921}
}

@article{Baez2016RelativeSystems,
    title = {{Relative Entropy in Biological Systems}},
    year = {2016},
    journal = {Entropy},
    author = {Baez, John and Pollard, Blake},
    number = {2},
    month = {2},
    pages = {46},
    volume = {18},
    publisher = {Multidisciplinary Digital Publishing Institute},
    url = {http://www.mdpi.com/1099-4300/18/2/46},
    doi = {10.3390/e18020046},
    issn = {1099-4300},
    keywords = {Kullback, Leibler divergence, Markov process, Second Law, free energy, game theory, reaction network, relative entropy, relative information}
}

@article{Olah2017ResearchDebt,
    title = {{Research Debt}},
    year = {2017},
    journal = {Distill},
    author = {Olah, Chris and Carter, Shan},
    number = {3},
    month = {3},
    pages = {e5},
    volume = {2},
    url = {http://distill.pub/2017/research-debt},
    doi = {10.23915/distill.00005},
    issn = {2476-0757}
}

@article{WerndlRethinkingEquilibrium,
    title = {{Rethinking Boltzmannian Equilibrium}},
    author = {Werndl, Charlotte and Frigg, Roman},
    url = {http://philsci-archive.pitt.edu/10756/1/EquilibriumFinal.pdf}
}

@article{Crisp2018RethinkingWorld,
    title = {{Rethinking the tools of the RNA world}},
    year = {2018},
    journal = {eLife},
    author = {Crisp, Antony and Carell, Thomas},
    month = {6},
    pages = {e38297},
    volume = {7},
    publisher = {eLife Sciences Publications Limited},
    url = {https://elifesciences.org/articles/38297},
    doi = {10.7554/eLife.38297},
    issn = {2050-084X},
    keywords = {RNA, molecular evolution, origins of life, ribosome, ribozyme, triplets}
}

@article{Streif2013RobustnessNetworks,
    title = {{Robustness Analysis, Prediction and Estimation for Uncertain Biochemical Networks}},
    year = {2013},
    author = {Streif, Stefan and Kim, Kwang-Ki K and Rumschinski, Philipp and Kishida, Masako and Shen, Dongying Erin and Findeisen, Rolf and Braatz, Richard D},
    url = {https://ac.els-cdn.com/S1474667015382276/1-s2.0-S1474667015382276-main.pdf?_tid=82700d82-ff5d-11e7-86e4-00000aacb35f&acdnat=1516616454_cdb805ef72f07001c54be3256fb9f543},
    doi = {10.3182/20131218-3-IN-2045.00190},
    keywords = {Biochemical reaction network, complex dynamical system, estimation, robustness, systems and control theory}
}

@article{Ferrell2002Self-perpetuatingBistability,
    title = {{Self-perpetuating states in signal transduction: positive feedback, double-negative feedback and bistability}},
    year = {2002},
    journal = {Current Opinion in Cell Biology},
    author = {Ferrell, James E},
    number = {2},
    month = {4},
    pages = {140--148},
    volume = {14},
    publisher = {Elsevier Current Trends},
    url = {https://www.sciencedirect.com/science/article/pii/S0955067402003149?via%3Dihub},
    doi = {10.1016/S0955-0674(02)00314-9},
    issn = {0955-0674}
}

@article{Marimuthu2014Sequence-dependentKinetics,
    title = {{Sequence-dependent theory of oligonucleotide hybridization kinetics}},
    year = {2014},
    journal = {The Journal of Chemical Physics},
    author = {Marimuthu, Karthikeyan and Chakrabarti, Raj},
    number = {17},
    month = {5},
    pages = {175104},
    volume = {140},
    publisher = {American Institute of Physics},
    url = {http://aip.scitation.org/doi/10.1063/1.4873585},
    doi = {10.1063/1.4873585},
    issn = {0021-9606},
    keywords = {DNA, biochemistry, chemical equilibrium, molecular biophysics, reaction rate constants}
}

@article{Daniels2008SloppinessBiology,
    title = {{Sloppiness, robustness and evolvability in systems biology}},
    year = {2008},
    journal = {Current Opinion in Biotechnology},
    author = {Daniels, Bryan C and Chen, Yan-Jiun and Sethna, James P and Gutenkunst, Ryan N and Myers, Christopher R},
    number = {4},
    pages = {389--395},
    volume = {19},
    url = {https://arxiv.org/pdf/0805.2628.pdf},
    doi = {10.1016/J.COPBIO.2008.06.008}
}

@article{Biroli2015SlowSystems,
    title = {{Slow Relaxations and Non-Equilibrium Dynamics in Classical and Quantum Systems}},
    year = {2015},
    author = {Biroli, Giulio},
    month = {7},
    url = {http://arxiv.org/abs/1507.05858},
    arxivId = {1507.05858}
}

@article{Tyson2003SniffersCell,
    title = {{Sniffers, buzzers, toggles and blinkers: dynamics of regulatory and signaling pathways in the cell}},
    year = {2003},
    journal = {Current Opinion in Cell Biology},
    author = {Tyson, John J and Chen, Katherine C and Novak, Bela},
    number = {2},
    month = {4},
    pages = {221--231},
    volume = {15},
    publisher = {Elsevier Current Trends},
    url = {https://www.sciencedirect.com/science/article/pii/S0955067403000176?via%3Dihub},
    doi = {10.1016/S0955-0674(03)00017-6},
    issn = {0955-0674}
}

@article{Tyson2003SniffersCell.,
    title = {{Sniffers, buzzers, toggles and blinkers: dynamics of regulatory and signaling pathways in the cell.}},
    year = {2003},
    journal = {Current opinion in cell biology},
    author = {Tyson, John J and Chen, Katherine C and Novak, Bela},
    number = {2},
    month = {4},
    pages = {221--31},
    volume = {15},
    url = {http://www.ncbi.nlm.nih.gov/pubmed/12648679},
    issn = {0955-0674},
    pmid = {12648679}
}

@article{WuSpatio-TemporalNetworks,
    title = {{Spatio-Temporal Backpropagation for Training High-performance Spiking Neural Networks}},
    author = {Wu, Yujie and Deng, Lei and Li, Guoqi and Zhu, Jun and Shi, Luping},
    url = {https://arxiv.org/pdf/1706.02609.pdf}
}

@article{Joyner2015SpectralI,
    title = {{Spectral statistics of Bernoulli matrix ensembles - a random walk approach (I)}},
    year = {2015},
    author = {Joyner, Christopher H. and Smilansky, Uzy},
    month = {1},
    url = {http://arxiv.org/abs/1501.04907},
    arxivId = {1501.04907}
}

@article{BezekciStrength-DurationMedium,
    title = {{Strength-Duration Relationship in an Excitable Medium}},
    author = {Bezekci, B and Biktashev, V N},
    url = {https://arxiv.org/pdf/1612.03502.pdf}
}

@article{Suwajanakorn2017SynthesizingVideo,
    title = {{Synthesizing Obama: Learning Lip Sync from Audio Output Obama Video}},
    year = {2017},
    journal = {ACM Trans. Graph. Article},
    author = {Suwajanakorn, Supasorn and Seitz, Steven M and Kemelmacher-Shlizerman, Ira},
    number = {95},
    volume = {36},
    url = {https://grail.cs.washington.edu/projects/AudioToObama/siggraph17_obama.pdf},
    doi = {10.1145/3072959.3073640},
    keywords = {Additional Key Words and Phrases, Animation, Audio, Audiovisual Speech, Big data, CCS Concepts, Face Synthesis, Image manipulation, LSTM, Lip Sync ACM Reference format, RNN, Shape modeling, Uncanny Valley, Videos}
}

@article{Demharter2017TenPhD.,
    title = {{Ten simple rules for surviving an interdisciplinary PhD.}},
    year = {2017},
    journal = {PLoS computational biology},
    author = {Demharter, Samuel and Pearce, Nicholas and Beattie, Kylie and Frost, Isabel and Leem, Jinwoo and Martin, Alistair and Oppenheimer, Robert and Regep, Cristian and Rukat, Tammo and Skates, Alexander and Trendel, Nicola and Gavaghan, David J and Deane, Charlotte M and Knapp, Bernhard},
    number = {5},
    pages = {e1005512},
    volume = {13},
    publisher = {Public Library of Science},
    url = {http://www.ncbi.nlm.nih.gov/pubmed/28542231 http://www.pubmedcentral.nih.gov/articlerender.fcgi?artid=PMC5444598},
    doi = {10.1371/journal.pcbi.1005512},
    issn = {1553-7358},
    pmid = {28542231}
}

@article{Madzvamuse2015TheVolumes,
    title = {{The bulk-surface finite element method for reaction–diffusion systems on stationary volumes}},
    year = {2015},
    journal = {Finite Elements in Analysis and Design},
    author = {Madzvamuse, Anotida and Chung, Andy H W},
    pages = {9--21},
    volume = {108},
    url = {https://www.newton.ac.uk/files/preprints/ni15052_0.pdf},
    doi = {10.1016/j.finel.2015.09.002},
    keywords = {Bulk-surface finite elements, Bulk-surface reaction–diffusion equations, Diffusion-driven instability, Pattern formation}
}

@article{Turing1952TheMorphogenesis,
    title = {{The Chemical Basis of Morphogenesis}},
    year = {1952},
    journal = {Philosophical Transactions of the Royal Society B: Biological Sciences},
    author = {Turing, A. M.},
    number = {641},
    month = {8},
    pages = {37--72},
    volume = {237},
    publisher = {The Royal Society},
    url = {http://rstb.royalsocietypublishing.org/cgi/doi/10.1098/rstb.1952.0012},
    doi = {10.1098/rstb.1952.0012},
    issn = {0962-8436}
}

@article{Westerhoff2004TheBiology,
    title = {{The evolution of molecular biology into systems biology}},
    year = {2004},
    journal = {Nature Biotechnology},
    author = {Westerhoff, Hans V and Palsson, Bernhard O},
    number = {10},
    month = {10},
    pages = {1249--1252},
    volume = {22},
    publisher = {Nature Publishing Group},
    url = {http://www.nature.com/doifinder/10.1038/nbt1020},
    doi = {10.1038/nbt1020},
    issn = {1087-0156}
}

@article{Farrell2017TheTracking,
    title = {{The HEP.TrkX Project: deep neural networks for HL-LHC online and offline tracking}},
    year = {2017},
    journal = {EPJ Web of Conferences},
    author = {Farrell, Steven and Anderson, Dustin and Calafiura, Paolo and Cerati, Giuseppe and Gray, Lindsey and Kowalkowski, Jim and Mudigonda, Mayur and Prabhat, Panagiotis and Spentzouris, Panagiotis and Spiropoulou, Maria and Tsaris, Aristeidis and Vlimant, Jean-Roch and Zheng, Stephan},
    editor = {Germain, C. and Grasland, H. and Lounis, A. and Rousseau, D. and Varouchas, D.},
    month = {8},
    pages = {00003},
    volume = {150},
    publisher = {EDP Sciences},
    url = {http://www.epj-conferences.org/10.1051/epjconf/201715000003},
    doi = {10.1051/epjconf/201715000003},
    issn = {2100-014X}
}

@book{Werbos1994TheForecasting,
    title = {{The roots of backpropagation : from ordered derivatives to neural networks and political forecasting}},
    year = {1994},
    author = {Werbos, Paul J. (Paul John) and John, Paul},
    pages = {319},
    publisher = {Wiley},
    url = {https://dl.acm.org/citation.cfm?id=175610},
    isbn = {0471598976}
}

@article{Chacon2018TheVariation,
    title = {{The spatial and metabolic basis of colony size variation}},
    year = {2018},
    journal = {The ISME Journal},
    author = {Chac{\'{o}}n, Jeremy M. and M{\"{o}}bius, Wolfram and Harcombe, William R.},
    number = {3},
    month = {3},
    pages = {669--680},
    volume = {12},
    publisher = {Nature Publishing Group},
    url = {http://www.nature.com/articles/s41396-017-0038-0},
    doi = {10.1038/s41396-017-0038-0},
    issn = {1751-7362},
    keywords = {Bacteriology, Microbial ecology}
}

@article{Bennett1982TheReview,
    title = {{The thermodynamics of computation—a review}},
    year = {1982},
    journal = {International Journal of Theoretical Physics},
    author = {Bennett, Charles H.},
    number = {12},
    month = {12},
    pages = {905--940},
    volume = {21},
    publisher = {Kluwer Academic Publishers-Plenum Publishers},
    url = {http://link.springer.com/10.1007/BF02084158},
    doi = {10.1007/BF02084158},
    issn = {0020-7748}
}

@article{Bray1995TheoryKinetics,
    title = {{Theory of Phase Ordering Kinetics}},
    year = {1995},
    author = {Bray, A. J.},
    month = {1},
    url = {http://arxiv.org/abs/cond-mat/9501089 http://dx.doi.org/10.1080/00018739400101505},
    doi = {10.1080/00018739400101505},
    arxivId = {cond-mat/9501089}
}

@article{Johnson2017TimingTick,
    title = {{Timing the day: what makes bacterial clocks tick?}},
    year = {2017},
    journal = {Nature Reviews Microbiology},
    author = {Johnson, Carl Hirschie and Zhao, Chi and Xu, Yao and Mori, Tetsuya},
    number = {4},
    month = {4},
    pages = {232--242},
    volume = {15},
    publisher = {Nature Publishing Group},
    url = {http://www.nature.com/articles/nrmicro.2016.196},
    doi = {10.1038/nrmicro.2016.196},
    issn = {1740-1526},
    keywords = {Bacterial physiology, Circadian regulation, Circadian rhythm signalling peptides and proteins, Circadian rhythms}
}

@article{Marblestone2016TowardNeuroscience,
    title = {{Toward an Integration of Deep Learning and Neuroscience}},
    year = {2016},
    journal = {Frontiers in Computational Neuroscience},
    author = {Marblestone, Adam H. and Wayne, Greg and Kording, Konrad P.},
    month = {9},
    pages = {94},
    volume = {10},
    publisher = {Frontiers},
    url = {http://journal.frontiersin.org/Article/10.3389/fncom.2016.00094/abstract},
    doi = {10.3389/fncom.2016.00094},
    issn = {1662-5188},
    keywords = {Cognitive Architecture, Cost functions, Developmental Bootstrapping, memory systems, neural networks, reinforcement learning, unsupervised learning}
}

@article{Ide2016TuringNetworks,
    title = {{Turing instability in Reaction-Diffusion models on complex networks}},
    year = {2016},
    author = {Ide, Yusuke and Izuhara, Hirofumi and Machida, Takuya},
    url = {https://arxiv.org/pdf/1405.0642.pdf},
    arxivId = {arXiv:1405.0642v2},
    keywords = {()}
}

@article{Scholes2018TuringRobust,
    title = {{Turing patterns are common but not robust}},
    year = {2018},
    journal = {bioRxiv},
    author = {Scholes, Natalie S. and Schnoerr, David and Isalan, Mark and Stumpf, Michael P. H.},
    month = {6},
    pages = {352302},
    publisher = {Cold Spring Harbor Laboratory},
    url = {https://www.biorxiv.org/content/early/2018/06/20/352302.full.pdf+html},
    doi = {10.1101/352302}
}

@article{Maini2012TuringsProblem.,
    title = {{Turing's model for biological pattern formation and the robustness problem.}},
    year = {2012},
    journal = {Interface focus},
    author = {Maini, Philip K and Woolley, Thomas E and Baker, Ruth E and Gaffney, Eamonn A and Lee, S Seirin},
    number = {4},
    month = {8},
    pages = {487--96},
    volume = {2},
    publisher = {The Royal Society},
    url = {http://www.ncbi.nlm.nih.gov/pubmed/23919129 http://www.pubmedcentral.nih.gov/articlerender.fcgi?artid=PMC3363041},
    doi = {10.1098/rsfs.2011.0113},
    issn = {2042-8901},
    pmid = {23919129},
    keywords = {Turing, biological pattern formation, robustness problem}
}

@article{Ajanki2017UniversalityMatrices,
    title = {{Universality for general Wigner-type matrices}},
    year = {2017},
    journal = {Probability Theory and Related Fields},
    author = {Ajanki, Oskari H. and Erd{\H{o}}s, László and Kr{\"{u}}ger, Torben},
    number = {3-4},
    month = {6},
    pages = {667--727},
    volume = {169},
    url = {http://arxiv.org/abs/1506.05098},
    doi = {10.1007/s00440-016-0740-2},
    issn = {01788051},
    arxivId = {1506.05098},
    keywords = {Anisotropic local law, Eigenvector delocalization, Local spectral statistics, Rigidity}
}

@article{VanDenOordWAVENET:AUDIO,
    title = {{WAVENET: A GENERATIVE MODEL FOR RAW AUDIO}},
    author = {Van Den Oord, Aäron and Dieleman, Sander and Zen, Heiga and Simonyan, Karen and Vinyals, Oriol and Graves, Alex and Kalchbrenner, Nal and Senior, Andrew and Kavukcuoglu, Koray},
    url = {https://arxiv.org/pdf/1609.03499.pdf},
    arxivId = {arXiv:1609.03499v2}
}

@article{Assaf2017WKBPopulations,
    title = {{WKB theory of large deviations in stochastic populations}},
    year = {2017},
    journal = {Journal of Physics A: Mathematical and Theoretical},
    author = {Assaf, Michael and Meerson, Baruch},
    number = {26},
    month = {6},
    pages = {263001},
    volume = {50},
    publisher = {IOP Publishing},
    url = {http://stacks.iop.org/1751-8121/50/i=26/a=263001?key=crossref.66cf30f5a3d815c317b674f0f360d344},
    doi = {10.1088/1751-8121/aa669a},
    issn = {1751-8113}
}

@article{Henry2018-evo:Networks,
    title = {{{$\phi$}-evo: A program to evolve phenotypic models of biological networks}},
    year = {2018},
    journal = {PLOS Computational Biology},
    author = {Henry, Adrien and Hemery, Mathieu and Fran{\c{c}}ois, Paul},
    editor = {Schneidman, Dina},
    number = {6},
    month = {6},
    pages = {e1006244},
    volume = {14},
    publisher = {Public Library of Science},
    url = {http://dx.plos.org/10.1371/journal.pcbi.1006244},
    doi = {10.1371/journal.pcbi.1006244},
    issn = {1553-7358}
}